2956 4766
698 329 903 390 ..54.„

268 502 360 562 ambo
389 509 451 558 tarn
483 500 612 560 scientia
640 515 733 575 quam
762 500 861 574 gradu
890 499 1056 575 praecipui.
1105 501 1210 572 ltaque
1236 515 1322 556 unns-

269 605 396 678 quisque
426 605 457 661 in
486 619 539 662 suo
562 619 652 661 senso
678 603 814 662 abundet
824 603 842 676 ¹,
873 601 945 662 dum
973 601 1052 660 fides
1080 601 1266 672 concordata,
1293 606 1324 656 nt

268 720 326 763 nec
349 704 473 780 saepius
489 701 654 762 offerentes
671 703 842 776 aestiment,
866 703 962 761 Deum
979 704 1068 763 aliter
1091 701 1252 778 petitiones
1269 718 1323 761 non

268 821 364 880 posse
393 805 568 866 discernere
599 820 656 864 nec
683 807 779 866 semel
806 803 926 866 hostias
950 821 1005 880 per
1028 805 1109 865 diem
1136 804 1323 865 immolantes

268 911 388 982 putent,
423 922 499 968 suae
532 905 604 966 fidei
635 905 836 966 subtilitatem
870 909 974 982 potius
1008 923 1102 983 quam
1137 907 1322 983 superiorum

267 1010 464 1070 devotionem
486 1009 600 1070 divinis
624 1015 785 1084 acceptam
810 1005 1055 1084 conspectibus.b

698 1213 901 1222 ———

742 1368 860 1436 XXIII.

414 1535 466 1604 Dc
492 1537 613 1606 ordine
639 1537 757 1604 mbsoe
784 1542 818 1605 ct
842 1536 1015 1627 offerendi
1039 1539 1182 1605 ratione.

329 1738 477 1812 Quoniam
511 1739 604 1813 igitur
637 1739 768 1814 qualiter
800 1739 840 1800 ad
873 1738 1114 1799 celebrationem
1141 1739 1325 1800 cotidianam

265 1839 431 1900 missarum
461 1841 612 1901 solemnia
639 1841 854 1917 pervenerint⁰
885 1841 1149 1917 qualitercumque
1178 1846 1325 1899 monstra·

264 1941 381 2014 timue,
412 1943 485 2003 hInc
515 1945 552 2004 de
576 1943 676 2004 officio
706 1943 821 2002 missae
844 1939 933 2017 quid,
966 1943 1093 2019 quando
1116 1948 1189 2001 cta
1219 1940 1325 2017 quibus

264 2048 415 2103 statutum
432 2045 480 2116 sit,
495 2051 645 2122 quantum
663 2045 801 2105 invenire
816 2045 995 2119 potuimus·
1008 2059 1213 2120 exponamus
1244 2042 1324 2118 Quod

264 2161 344 2207 nunc
360 2146 481 2222 agimus
504 2147 663 2222 multiplici
680 2143 880 2217 orationuml,
903 2148 1081 2218 lectionum,
1106 2150 1323 2208 cantilenarum

264 2253 296 2306 et
320 2250 592 2309 consecrationum
609 2249 720 2321 olficlo,
742 2255 840 2310 totum
865 2248 924 2309 hoc
938 2251 1075 2326 apostoli
1097 2256 1223 2324 etpost
1245 2251 1323 2326 ipsos

173 2408 175 2412 ,
263 2350 421 2423 proximis,
444 2358 479 2409 ut
502 2348 647 2421 creditur,
674 2351 863 2410 orationibus
888 2356 919 2410 et
942 2353 1238 2413 commemoratione
1260 2363 1323 2425 pas·

264 2451 362 2510 sionis
386 2452 568 2524 dominicae,
594 2453 762 2526 sicutipse
785 2454 951 2530 praecepit,
982 2455 1120 2528 agebant
1142 2454 1325 2531 simpliciter.

179 2618 181 2622 .
264 2551 352 2611 Unde
376 2553 459 2612 circa
475 2554 585 2614 domos
604 2549 794 2614 secundumf
816 2555 961 2628 superius
978 2562 1223 2616 commemorata
1245 2554 1327 2615 testi-

262 2654 370 2712 monla
393 2655 576 2730 frangebant
598 2671 726 2732 panem,
749 2656 946 2730 quodetiam
970 2658 1030 2718 alia
1052 2659 1208 2720 sententia
1229 2659 1326 2718 Lucas

266 2754 404 2816 declarat
426 2757 547 2818 dicens:
571 2760 657 2834 ,Uno
681 2765 783 2818 autern
800 2759 923 2819 sabboti
946 2776 1014 2817 oum
1031 2763 1274 2820 convenissemus
1290 2757 1329 2816 od

260 2860 475 2934 fronpcndum
499 2861 652 2936 poncm“²
675 2861 855 2936 etreliqua.
900 2861 939 2920 Et
967 2861 1075 2920 relatio
1100 2862 1252 2922 maiorum
1275 2864 1326 2930 est,
1361 2860 1363 2864 ’
1444 2839 1445 2848 ¹

265 2960 307 3019 ita
328 2962 458 3038 primis&
480 2953 677 3038 temporibus
704 2965 818 3023 missas
841 2962 907 3022 fieri
931 2963 1049 3036 solitas
1080 2965 1161 3022 sieut
1183 2965 1276 3025 modo
1298 2961 1325 3018 in

263 3078 437 3138 parasceve
464 3063 612 3140 paschae,
643 3062 725 3141 quoh
753 3065 802 3125 die
828 3066 912 3140 apud
938 3066 1096 3127 Romanos
1124 3065 1240 3127 missae
1270 3079 1326 3124 non

264 3170 408 3237 aguntur,
439 3164 761 3228 communicationemi
791 3169 895 3226 facere
924 3168 1073 3238 solemus,
1101 3166 1131 3226 id
1162 3173 1210 3227 est
1240 3181 1326 3243 prae·

263 3265 361 3326 missa
394 3268 533 3328 oratione
568 3270 722 3329 dominica
756 3275 794 3338 et,
829 3271 909 3330 sicut
942 3270 1008 3344 ipse
1036 3269 1187 3332 Dominus
1222 3273 1326 3328 noster

263 3403 467 3411 ——..*—..

330 3465 344 3493 ⁸
361 3466 379 3527 l,
397 3469 531 3528 coneodet;
555 3485 589 3530 m,
611 3469 740 3520 condocet.
758 3458 823 3506 „b
847 3470 910 3532 mlh,
935 3486 985 3522 om.
1007 3471 1192 3534 conspectibus.
1211 3467 1273 3506 -θ
1295 3465 1325 3528 M,

262 3553 363 3615 saepius
387 3552 528 3604 celebrasse
551 3557 718 3618 pervenerint.
736 3583 768 3593 -—
786 3539 799 3581 d
817 3554 851 3617 M,
869 3556 1004 3605 rationum.
1024 3585 1055 3593 -
1074 3553 1086 3581 θ
1104 3554 1168 3617 mlh,
1189 3554 1327 3619 proximus.

262 3621 1326 3706 -fntmmmmms-&thpmm0-hoemnpu-idt

262 3725 320 3771 ante
338 3723 604 3774 communicationem.

549 3831 653 3835 -.--
676 3831 971 3837 —.--.-,-„..-.
1000 3827 1325 3837 .-.-.-.-.-.-.-1...-

334 3879 340 3911 ¹
360 3875 448 3927 Roem.
468 3875 535 3940 XIV,
554 3881 576 3929 5.
597 3907 627 3916 —
648 3879 658 3914 ²
676 3880 733 3929 Act.
751 3877 804 3940 XX,
823 3882 845 3929 l.
942 3913 945 3919 ‹
