3002 4770
551 408 774 456 ..xv-

101 550 103 553 ⁵
128 573 256 646 gatioue
272 571 361 631 iussu
376 571 523 630 Ludouici
541 570 734 628 Alamannici
756 569 794 628 ad
812 567 953 629 Carnium
970 585 1085 644 regem,
1109 585 1200 630 suurn
1280 545 1282 553 λ

128 674 290 750 quondam
321 672 504 748 discipulum
537 678 698 746 suscepta,
736 677 819 731 trans
850 671 980 745 Ligerim
1015 675 1069 732 vix
1103 674 1202 749 quad-

128 776 314 850 ragenarius
331 774 488 851 inopinata
505 779 603 833 morte
626 772 703 834 obiit
717 773 784 832 XV.
802 774 868 836 Kal,
886 773 1041 848 Septemb.
1061 791 1088 834 a.
1106 774 1199 848 84913

130 879 254 952 Augiae
277 892 352 936 vero
375 876 508 935 traditus
530 883 578 935 est
601 878 787 952 sepulturae.

196 977 392 1039 Memorabile
422 977 496 1036 mihi
525 978 648 1037 videtur
677 977 797 1036 adferre
827 974 908 1050 quod
931 973 997 1036 ioh.
1021 974 1119 1050 Egon,
1147 977 1199 1051 qui

130 1081 170 1140 ab
194 1098 276 1141 anno
302 1079 510 1141 1626-1643
535 1077 715 1138 monasterii
744 1076 901 1151 augiensis
930 1076 1041 1151 prioris
1070 1093 1200 1136 munere
1228 1111 1232 1119 -

128 1183 331 1259 fungebatur,
364 1181 534 1240 acerrimus
566 1181 711 1239 laudator
740 1177 834 1238 nostri
858 1177 1033 1251 Waleiridi‚
1065 1178 1104 1237 de
1133 1179 1200 1238 eius

129 1287 194 1344 vita
206 1288 324 1357 narrat3
341 1288 531 1357 quapropter
547 1298 674 1358 paruam
691 1280 773 1340 hano
787 1281 881 1339 vitam
896 1282 1059 1356 appendici
1073 1281 1200 1340 adiunxi

130 1390 174 1461 (n.
191 1387 233 1444 iV
251 1384 330 1443 inira
351 1399 422 1459 pag.
442 1385 525 1459 109).
569 1384 653 1458 Quae
677 1399 750 1461 vero
767 1383 978 1443 Trithemius²
1002 1389 1124 1442 etcum
1148 1398 1202 1442 ex·

130 1488 247 1563 cipiens
268 1486 418 1545 Goldast³
440 1487 554 1561 aliique
579 1489 617 1547 de
640 1491 768 1546 auctore
792 1494 898 1547 nostro
921 1487 1064 1561 produnt,
1090 1485 1198 1560 partim

131 1591 222 1666 piane
246 1590 333 1656 laisa,
356 1590 467 1664 partim
491 1591 544 1648 vix
567 1589 670 1665 aliquo
695 1594 850 1648 momento
875 1604 947 1648 esse
970 1589 1122 1646 uidentur.

195 1690 384 1752 Waiairidus
401 1706 588 1768 quamquam
607 1691 644 1750 ad
663 1697 797 1750 aetatem
809 1691 930 1751 uirilem
947 1691 1001 1750 uix
1016 1691 1199 1767 pervenerit,

131 1798 225 1855 multa
238 1801 341 1856 tamen
366 1793 478 1869 ingenii
502 1795 548 1854 sui
569 1802 662 1869 atque
686 1793 857 1854 industriae
874 1789 1062 1854 documenta
1078 1792 1201 1868 reliquit

131 1898 375 1958 excellentiora.⁴
398 1897 503 1969 Longe
517 1895 648 1971 plurima
661 1910 767 1955 eorum
780 1902 947 1955 versantur
962 1895 989 1953 in
1008 1894 1201 1955 disserendis

131 1999 224 2059 rebus
245 1999 428 2073 theologicis
446 1997 629 2072 (exegeticis
653 2004 683 2056 et
705 1996 905 2071 homileticis)
930 2003 960 2055 et
981 1995 1031 2055 his
1053 1997 1200 2055 omnibus

132 2102 332 2176 praeeminet.

198 2203 229 2277 l)
253 2201 362 2260 Glosso
378 2200 542 2259 ordinario
561 2215 618 2259 seu
635 2200 834 2274 magistralis,
857 2201 918 2277 „sic
935 2201 1100 2276 appellata,
1126 2199 1199 2275 quia

27 2301 48 2352 Q
132 2303 214 2361 iliam
239 2317 348 2361 omnes
376 2309 535 2377 tamquam
565 2295 718 2362 cilicinam
743 2302 1025 2363 ecclesiasticorum
1049 2318 1199 2362 sensuum

132 2407 295 2466 consulere
318 2405 467 2477 solebant,
499 2405 746 2480 quotiescunque
770 2420 849 2480 opus
874 2411 941 2464 erat
963 2405 1002 2464 ad
1026 2405 1198 2480 scripturae

131 2506 315 2566 sententiam
337 2508 549 2567 recurrere.“⁵
591 2507 660 2567 Huc
683 2507 847 2566 accedunt:

194 2608 226 2683 2)
250 2609 311 2667 iam
343 2615 513 2669 memorata
536 2610 666 2683 epitome
696 2610 986 2670 commentariorum
1016 2609 1137 2669 Rabani
1166 2609 1197 2668 in

46 2754 50 2774 .
132 2709 298 2768 Leviticum
311 2710 334 2785 6;

258 2927 266 2962 ¹
286 2925 367 2986 „Dum
386 2927 484 2992 Ligeris
502 2925 604 2977 bibulas
622 2928 780 2979 transcendis
798 2929 895 2979 missus
912 2927 1021 2979 harenas

282 3008 329 3059 Hic
347 3024 437 3075 corpus
456 3010 577 3076 linquens
596 3012 685 3076 spiritu
704 3013 737 3063 ad
755 3018 822 3064 astra
839 3013 919 3064 volas.

283 3093 422 3155 Quindenis
440 3097 535 3160 raperis
554 3095 719 3161 Septembris,
737 3113 804 3158 care,
821 3098 967 3149 Kalerrdis.“

132 3177 163 3229 li.
176 3177 204 3228 G.
217 3193 242 3244 p.
256 3178 272 3229 i.
286 3178 314 3240 li,
330 3193 355 3244 p.
368 3181 427 3230 423.
444 3207 479 3216 -
498 3182 509 3216 ²
528 3179 650 3234 Trildem.
669 3182 705 3233 De
722 3185 770 3233 vir.
783 3183 875 3234 illustr.
894 3212 927 3220 —
946 3186 957 3220 ³
977 3182 1090 3234 Goldaet
1107 3181 1198 3248 Scripl.

131 3277 177 3312 rer.
195 3263 324 3314 alamann.
343 3267 359 3314 t.
378 3263 397 3322 Ι,
417 3266 441 3323 2,
459 3279 484 3328 p.
504 3268 559 3317 229.
577 3293 609 3304 ·-
630 3268 780 3318 ⁴Rabanus
797 3269 825 3319 in
843 3267 972 3334 epitaphio
991 3267 1090 3319 laudat:

334 3348 438 3409 „Abbas
456 3350 572 3400 coenobii
590 3350 669 3402 huius
686 3357 822 3419 custosque
838 3353 923 3406 fidelis

262 3451 266 3460 ·
333 3432 380 3483 Hic
397 3433 478 3484 iuerat
496 3439 567 3485 caute
585 3435 705 3501 dogmata
723 3453 796 3488 sacre
813 3437 910 3502 legens.

332 3517 397 3567 Nam
415 3517 501 3567 docuit
518 3517 621 3579 mullos,
639 3527 778 3573 metrorum
796 3524 851 3573 iure
869 3522 973 3586 peritus,

331 3601 442 3654 Dictevit
459 3618 556 3666 versus
575 3619 649 3668 prosa
667 3607 791 3658 iucundus
810 3612 885 3657 erat.“

132 3682 163 3735 Μ.
181 3684 209 3736 G.
227 3703 252 3752 p.
272 3687 289 3738 l.
309 3687 338 3748 ΙΙ,
357 3689 415 3740 239.
440 3717 471 3725 -
497 3688 574 3741 ⁵Cir.
597 3689 716 3756 l'rolegg.
744 3692 803 3744 edii.
826 3691 905 3743 Duae.
926 3693 999 3752 1611,
1025 3694 1100 3742 etiam
1127 3691 1195 3757 apud
1216 3743 1219 3750 ,

131 3767 214 3834 Migne
232 3785 251 3821 s.
271 3771 399 3832 11113,
418 3790 441 3839 p.
462 3775 501 3824 14.
542 3773 674 3826 Editlones
697 3775 776 3827 huius
799 3776 901 3840 glossae
926 3783 1109 3827 enumerantur
1131 3775 1196 3827 Hist.

130 3852 174 3906 litt
198 3854 264 3906 Geli.
287 3861 304 3907 t.
321 3857 355 3918 V,
379 3873 402 3921 p.
421 3859 461 3910 62.
497 3856 533 3910 ci.
553 3859 651 3924 Kdnig,
676 3859 758 3913 Freib‘.
786 3862 856 3916 illoc.
880 3860 958 3912 Arch.
976 3861 1019 3924 ΙΙΙ,
1042 3879 1066 3927 p.
1085 3865 1143 3915 442.
1163 3891 1194 3901 -

132 3939 245 4005 illligne
263 3945 280 3991 t.
299 3943 354 4001 114,
372 3957 397 4006 p.
416 3946 473 3996 795.
