2956 4766
614 385 827 444 ..gp-

186 560 301 616 stratur
324 571 380 629 per
401 554 490 628 baec,
519 555 571 614 ubi
599 554 783 614 inevitabilis
808 553 981 615 necessitas
1005 552 1114 628 poscit,
1146 552 1257 612 melius

188 656 336 731 baptizari
357 656 547 732 ubicumque
571 663 602 716 at
628 674 646 716 a
669 673 868 733 quocumque
896 656 925 713 in
950 655 1073 714 nomine
1104 653 1257 724 trinitatis

186 774 280 834 quant
313 759 534 834 periclitantem
567 760 633 820 siue
663 759 802 820 remedio
835 758 1000 834 deperire.a
1049 757 1137 818 Unde
1165 756 1256 815 etiam

185 868 327 937 tempora
357 861 534 937 baptizandi
565 861 703 939 legitima
730 863 760 922 in
788 861 905 922 talibus
933 859 1172 920 necessitatibus
1201 858 1256 919 ob·

187 963 346 1023 servanda
369 979 427 1022 non
458 970 543 1033 sunt,
572 966 628 1025 sed
656 965 743 1022 iuxta
762 949 891 1021 ‘decreta
914 959 1025 1022 Leonis
1054 960 1257 1035 aegritudine,

187 1065 414 1138 persecutione,
438 1065 602 1125 obsidione
626 1073 656 1126 et
679 1064 839 1139 naufragio
863 1063 1109 1138 periclitantibus
1133 1077 1258 1138 semper

185 1174 234 1225 est
249 1168 491 1226 succurrendum
506 1170 529 1242 ¹3
553 1175 583 1228 et
599 1168 729 1228 concilio
754 1166 940 1242 gerundensi
957 1167 1050 1226 unius
1067 1166 1128 1226 diei
1147 1167 1256 1235 intans,

187 1268 212 1326 si
248 1269 276 1326 in
308 1269 484 1330 discrimine
514 1270 564 1343 sit,
600 1266 750 1346 baptizari
781 1270 927 1330 iubetur.2
979 1268 1041 1328 Eos
1072 1273 1183 1337 autem,
1219 1267 1257 1326 de

187 1370 300 1445 quibus
329 1371 479 1431 incertum
510 1380 571 1444 est,
601 1373 632 1433 id
660 1379 708 1434 est
736 1373 788 1449 qui
813 1374 896 1431 nullo
919 1371 1096 1431 testimonio
1125 1369 1258 1446 probare
1344 1446 1346 1451 .

187 1479 329 1546 possunt,
361 1490 395 1533 se
426 1491 498 1537 asse
527 1474 710 1551 baptizatos,
742 1491 781 1533 ex
804 1475 934 1536 concilio
958 1471 1198 1547 carthaginiensi
1228 1478 1259 1530 et

185 1574 321 1633 decretis
343 1574 459 1638 Leonis
482 1577 632 1637 discimus
656 1576 804 1652 baptizari
828 1576 980 1648 debere³-;
1004 1577 1072 1635 illos
1095 1592 1181 1646 vero,
1204 1573 1258 1649 qui

186 1675 361 1752 baptizatos
382 1679 516 1754 ‘quidem
544 1677 597 1740 seb
625 1685 790 1752 noverunt,
823 1680 880 1738 sed
912 1679 942 1737 in
969 1693 1031 1752 qua
1062 1677 1257 1753 professione

184 1780 330 1854 ignorant
353 1779 494 1840 eiusdem
517 1781 631 1842 Leonis
655 1796 757 1856 papae
781 1781 908 1839 decreta
931 1780 990 1840 sub
1019 1795 1129 1838 uranus
1158 1780 1257 1854 impo-

185 1882 298 1942 sitione
326 1883 544 1958 suscipiendos
576 1884 794 1943 constituunt.4
837 1881 993 1957 Tempora
1023 1889 1126 1941 autem
1158 1882 1256 1958 bapti-

185 1985 275 2043 zandi
299 1985 436 2058 legitime
454 1986 573 2059 pascha
588 1993 619 2044 et
634 1992 834 2062 pentecostes
852 1984 1063 2060 praefiguntur
1084 1985 1256 2044 secundum

186 2087 312 2146 decreta
337 2085 460 2162 Syricii,
491 2086 604 2146 Leonis
628 2090 678 2146 vel
702 2087 816 2147 Gelasii
845 2088 1081 2162 episcoporum,
1113 2086 1256 2161 quamvis

185 2189 317 2249 concilio
352 2188 541 2262 gerundensi
574 2191 685 2249 natalis
715 2189 834 2249 Domini
864 2196 895 2248 et
924 2185 1045 2264 pascha
1073 2191 1258 2263 ponantur.⁵

512 2377 525 2417 b

256 2387 333 2451 ⁸11¹,
351 2391 441 2453 perire.
460 2419 492 2426 —
544 2407 582 2453 oe,
601 2406 628 2442 se
647 2390 760 2456 quidem.

262 2580 270 2614 ¹
288 2576 339 2628 Leo
357 2579 374 2641 I,
392 2581 524 2634 440-461
545 2580 571 2630 in
590 2579 700 2644 epistula
718 2595 764 2630 sua
783 2579 816 2630 ad
833 2580 967 2628 universos
986 2578 1120 2642 episcopos
1138 2592 1183 2642 per
1196 2577 1259 2627 Sici·

186 2663 248 2713 liam
268 2666 426 2715 constitutos:
446 2703 535 2724 .....
538 2669 565 2714 ut
583 2662 618 2726 hi,
642 2679 706 2729 quos
725 2679 740 2712 a
758 2665 799 2714 die
822 2663 932 2728 paschae
951 2669 993 2712 aut
1015 2662 1134 2712 molestia
1151 2663 1259 2712 infirmi-

184 2749 244 2797 tatis
268 2753 311 2798 aut
336 2748 512 2815 longinquitas
529 2750 626 2798 itineris
651 2753 695 2798 aut
712 2750 885 2814 navigationis
904 2748 1041 2798 dilticullas
1062 2747 1203 2797 interclusit
1222 2749 1260 2797 in-

98 2899 99 2903 *
186 2833 253 2882 vitos
271 2838 315 2882 aut
333 2833 490 2898 quibuslibet
506 2834 698 2884 necessitatibus
715 2834 852 2897 impeditos
865 2833 985 2884 desiderii
1004 2834 1043 2882 sul
1062 2831 1180 2882 effectum
1193 2831 1260 2882 dono

185 2917 291 2980 spiritus
304 2918 384 2967 sancti
402 2923 612 2983 consequantur'.“
650 2956 741 2978 .....
744 2925 771 2968 ul
789 2920 815 2968 in
829 2920 917 2968 mortis
935 2917 1056 2983 periculo,
1075 2918 1101 2966 in
1119 2916 1261 2967 obsidionis

185 3000 342 3064 discrimine,
366 3003 392 3052 in
416 3003 599 3067 persecutionis
623 3003 757 3066 angustiis,
781 3003 808 3052 in
826 3004 917 3053 timore
941 3003 1076 3066 naufragii,
1100 3001 1173 3052 nullo
1196 3007 1259 3052 tem-

185 3101 246 3150 pore
279 3085 329 3136 hoc
362 3102 438 3137 verae
471 3086 560 3137 salutis
589 3087 721 3152 singulare
752 3087 894 3138 remedium
925 3088 1046 3151 cuiquam
1077 3086 1258 3150 denegenrus“

185 3169 280 3221 Baller.
307 3169 369 3236 Opp.
397 3171 511 3235 Leoni,
533 3188 556 3236 p.
577 3175 625 3225 727
636 3187 690 3238 sqq.
727 3172 813 3237 iligna
838 3174 992 3225 154103.
1019 3202 1050 3210 -
1080 3174 1091 3208 ²
1117 3169 1259 3222 Concilium

185 3255 349 3320 gerundense
371 3272 439 3307 anno
459 3260 517 3318 517,
540 3273 596 3309 can.
614 3257 647 3310 V.
684 3258 735 3318 „lie
752 3258 868 3322 parvulis
886 3273 955 3320 vcro,
979 3259 1024 3324 qui
1042 3273 1124 3322 nuper
1146 3263 1260 3309 materno

186 3345 257 3391 utero
276 3341 336 3392 editi
354 3347 421 3404 sunt,
440 3343 536 3406 placuit
554 3345 679 3406 constitui,
697 3349 724 3392 ul
743 3345 765 3392 si
783 3344 888 3402 infirmi,
907 3348 934 3392 ul
951 3341 1052 3406 assolet,
1070 3344 1164 3394 luerint
1180 3348 1204 3394 et
1222 3342 1260 3392 lac

187 3431 330 3476 maternum
349 3441 400 3476 non
423 3431 555 3502 appetunt,
578 3430 655 3478 etiam
674 3428 764 3478 eadem
788 3428 898 3493 dieque
920 3429 971 3478 nali
995 3433 1053 3479 sunl
1076 3429 1257 3493 baptizentur.“

187 3509 270 3560 Mansi
287 3516 304 3565 t.
324 3510 385 3574 Vlll,
409 3527 433 3576 p.
453 3514 509 3564 549.
529 3542 561 3549 -
581 3516 591 3550 ³
610 3512 658 3564 Cir.
677 3514 750 3578 epist.
769 3515 817 3566 166
842 3513 920 3565 Leon.
944 3514 977 3563 ad
1001 3513 1114 3565 Neonem
1141 3513 1260 3564 Ravenae

185 3597 343 3660 episcopum.
371 3596 434 3648 ssall.
448 3614 506 3662 opp.
518 3597 535 3660 1,
550 3601 624 3650 1405.
661 3598 745 3663 Mignc
764 3603 780 3651 t.
800 3603 841 3658 54,
860 3616 885 3664 p.
900 3600 972 3651 1199.
991 3628 1024 3636 —
1043 3604 1054 3636 ⁴
1073 3598 1122 3650 Cl'r.
1141 3600 1214 3662 epist.
1227 3599 1258 3648 ad

187 3680 311 3743 Nicetam,
339 3681 522 3746 aquileiensem
551 3683 627 3747 episc.
655 3681 717 3747 Opp.
746 3683 824 3736 Leon.
847 3689 863 3733 t.
882 3683 899 3747 l,
923 3700 947 3749 p.
969 3687 1044 3743 1330;
1072 3683 1158 3747 Migne
1182 3688 1198 3734 t.
1218 3687 1258 3735 54.

189 3767 263 3816 11³5.
292 3795 322 3804 —
351 3766 406 3816 eln
432 3765 533 3817 concilo
559 3767 715 3830 gerundensi
742 3783 809 3818 anno
828 3772 875 3821 517
904 3769 993 3837 (supra
1018 3773 1069 3819 not.
1089 3767 1113 3836 2)
1136 3783 1193 3820 can.
1217 3769 1258 3828 IV,

187 3865 239 3900 non
258 3848 313 3899 dies
331 3850 421 3901 natalis
441 3851 550 3910 Domini,
574 3856 602 3900 ut
619 3850 674 3901 vult
692 3849 858 3915 Walalridus,
881 3855 926 3904 sed
943 3853 1037 3919 pascha
1057 3859 1080 3904 et
1103 3858 1259 3917 pentecostes

186 3939 215 3984 ut
233 3935 287 3986 dies
305 3935 470 4000 baptismales
488 3937 618 3986 constituti
638 3942 704 3988 sunl.
