2896 4828
630 389 841 448 „47-

200 557 347 618 Domini
371 559 625 619 veneratione
644 557 759 618 debent
775 557 950 634 servarint
965 558 1108 620 videlicet
1123 558 1266 634 honeste,

200 658 260 718 hoc
283 665 332 718 est
354 658 523 728 humiliter,
552 675 659 736 pacem
691 665 722 720 et
752 661 909 721 caritatem
939 661 968 720 in
998 664 1091 722 corde
1114 669 1265 732 tenentes

200 761 292 820 ieiuni
316 767 346 820 et
369 763 464 821 sobrii
489 779 559 821 cum
583 761 733 821 munditia
756 763 897 838 corporis
922 769 952 822 et
974 766 1084 838 cordis,
1115 772 1263 841 quantum

199 862 263 921 fieri
280 869 390 938 potest,
403 865 472 940 ipsa
482 869 678 924 sacramenta
691 864 925 939 contingamus3
943 867 1113 925 secundum
1125 867 1264 925 ordinem

200 975 317 1038 autem,
344 973 378 1024 ut
407 966 684 1026 sanctificationem
714 980 822 1025 eorum
851 982 870 1024 a
900 966 976 1025 cibis
1000 969 1126 1037 ceteris,
1157 974 1264 1043 utpote

198 1068 325 1129 animae·
355 1068 452 1127 vitam
484 1068 740 1141 significantium,
773 1068 866 1141 longe
903 1068 1018 1128 distare
1051 1070 1200 1140 sciamus
1235 1077 1266 1130 et
1294 1089 1297 1096 ⁴

198 1170 297 1246 primo
323 1169 431 1231 horum
460 1170 672 1230 consolatione
695 1170 814 1239 relecti,
843 1170 955 1230 deinde
979 1170 1119 1246 corporis
1143 1176 1266 1230 susten-

197 1274 302 1331 tacula
335 1274 502 1346 capiamus.
561 1271 650 1346 Quod
685 1276 790 1330 autem
821 1287 922 1348 neque
957 1279 1028 1332 ante
1065 1287 1166 1346 neque
1196 1277 1266 1346 post

199 1374 506 1434 communicationem
532 1375 562 1433 in
587 1373 728 1433 ecclesiis
752 1373 791 1433 sit
815 1370 1054 1444 convivandum,
1079 1379 1109 1432 et
1125 1390 1266 1450 ,canones

199 1475 333 1536 discrete
366 1482 395 1534 et
423 1476 582 1536 manil'este
613 1479 782 1552 loquuntur
812 1482 842 1536 at
871 1493 929 1538 nos
956 1476 1101 1552 superius
1132 1492 1266 1536 comme-

198 1577 418 1638 moravimns1
726 1573 730 1579 '

630 1713 832 1720 Ἠ

686 1902 774 1969 XXI.

198 2035 299 2120 (duod
323 2036 386 2104 olii
414 2036 542 2114 rorico,
570 2037 633 2104 olii
657 2036 821 2116 crebram,
853 2037 916 2104 olt't‘
940 2037 1062 2106 cotidie
1088 2039 1264 2105 commoni-

575 2155 716 2224 oondom
743 2156 880 2224 dicunt.a

262 2340 338 2414 Quia
353 2356 429 2399 vero
446 2335 503 2398 deb
525 2340 645 2398 ratione
669 2346 935 2401 sacramentorum
959 2356 1060 2416 pauca
1084 2339 1263 2416 perstrinxi-

196 2460 275 2512 mus,
299 2442 424 2500 videtur
438 2441 694 2511 subnectendum,
719 2441 849 2518 qualiter
864 2444 902 2502 ad
926 2443 1112 2526 cotidianam
1128 2443 1262 2502 celebra-

194 2547 309 2605 tionem
333 2545 501 2604 eorundem
527 2546 746 2620 mysteriorum
769 2561 846 2605 usus
869 2535 1052 2618 pervenerit.
1095 2543 1134 2602 Et
1157 2531 1266 2619 qnam⁰

195 2643 358 2722 multiplex
388 2651 436 2705 est
464 2647 531 2705 eius
561 2647 603 2705 rei
634 2646 717 2723 apud
749 2647 890 2706 doctores
923 2647 1041 2707 relatio!
1074 2643 1265 2721 colligimusl

196 2749 382 2819 summatim,
407 2764 485 2824 quae
507 2764 690 2822 possumne,
714 2749 756 2809 ita
780 2754 813 2807 ut
829 2750 954 2808 nomina
974 2750 1167 2826 singulorum
1190 2765 1263 2808 auc·

195 2857 295 2910 torum
332 2858 460 2930 propter
503 2850 711 2926 prolixitatem
750 2868 809 2910 non
851 2867 1014 2926 ponamus.
1072 2850 1150 2910 Nihil
1188 2868 1263 2911 vero

196 2969 345 3013 conemur
361 2959 510 3028 astruere,
534 2952 616 3025 quod
642 2967 701 3010 non
719 2953 767 3009 vel
789 2951 831 3010 ita
847 2953 976 3027 legimus
1000 2957 1050 3013 vel
1073 2969 1112 3012 ex
1132 2953 1263 3013 lectione

195 3053 441 3114 coniectavimus
473 3056 522 3112 vel
561 3053 717 3114 veracium
753 3055 857 3114 verbis
896 3057 1092 3132 percepimus
1123 3057 1172 3114 vel
1204 3072 1264 3114 usu

195 3155 373 3217 insinuante
402 3157 616 3231 cognovimus
662 3156 732 3228 Alii,
761 3162 796 3218 ut
826 3173 864 3215 ex
894 3164 1015 3232 patrum
1047 3157 1262 3217 collationibus

195 3260 353 3330 discimus,
388 3260 485 3318 semel
519 3257 548 3316 in
583 3274 664 3317 anno
701 3260 989 3320 communicandum
1019 3259 1195 3328 censebant,
1230 3270 1264 3316 ut

194 3361 339 3420 videlicet
368 3360 511 3420 diuturna
540 3362 776 3436 praeparatione
804 3378 917 3438 corpus
942 3368 972 3420 et
1002 3361 1136 3420 animam
1160 3359 1263 3434 purifi-

195 3470 303 3525 cantes
332 3464 456 3523 tandem
489 3463 530 3523 ad
563 3466 811 3525 communionem
843 3480 970 3524 mensae
994 3461 1139 3523 caelestis
1168 3462 1261 3536 digne

194 3567 417 3643 pertingerent3
448 3573 478 3625 et
505 3565 648 3640 quidem⁰
677 3565 788 3626 horum
819 3563 871 3627 atii
902 3567 1001 3642 ipsam
1026 3564 1261 3625 celebrationem

263 3734 276 3761 ὃ
293 3750 331 3798 oe,
343 3733 435 3784 dicant.
449 3761 480 3770 -
496 3721 508 3759 b
527 3748 561 3796 m,
575 3740 607 3785 et.
622 3732 677 3772 -0
696 3751 734 3800 oc,
747 3736 877 3800 quoniam.
895 3763 928 3771 -
946 3719 960 3760 ‘¹
979 3731 1041 3796 mlh,
1053 3730 1215 3793 colligamus.
1230 3760 1260 3768 -

194 3818 206 3847 ⁰
225 3819 258 3882 ll,
276 3819 404 3884 equidem.
