2956 4766
544 395 750 455 ,63-

120 565 146 622 in
168 563 285 638 pulpito
309 569 494 633 cantaretur,
519 564 601 639 quod
624 564 752 626 Romani
775 572 902 640 propter
923 566 1179 641 multiplicitatem

120 664 281 724 officiorum
315 668 376 723 no'n
410 665 535 738 iaciunt,
569 667 628 725 nisi
662 673 798 741 quatuor
830 682 885 741 per
916 681 1031 727 annum
1059 668 1179 741 diebus,

120 767 226 842 quibus
248 767 416 826 lectionum
439 767 494 826 XII
517 783 667 828 numerus
691 767 883 841 adimpletur.

180 869 389 943 offertorium,
416 870 500 943 quod
523 871 602 930 inter
618 869 811 930 offerendum
829 875 978 941 cantatur,
1003 873 1179 947 quamvisa

119 970 221 1044 prioris
246 970 351 1046 populi
375 971 599 1031 consuetudine
623 972 652 1030 in
674 987 767 1030 usum
793 971 1028 1032 christianorum
1052 975 1178 1038 venisse

118 1072 242 1144 dicatur,
281 1079 385 1131 tamen
418 1074 490 1148 quis
524 1073 702 1148 specialiter
735 1072 890 1132 addiderit
923 1073 1030 1133 ottioiis
1064 1077 1177 1134 uostris

117 1181 215 1249 aperte
239 1190 299 1234 non
330 1174 471 1248 legimus
501 1175 582 1235 sicut
604 1181 635 1233 et
656 1175 694 1234 de
718 1174 896 1250 antiphona,
925 1191 1006 1251 quae
1029 1175 1066 1234 ad
1095 1192 1177 1235 com·

116 1277 285 1336 munionem
319 1277 430 1336 dicitur
462 1293 630 1352 possumus
663 1278 762 1349 lateri,
795 1293 864 1336 eum
898 1293 973 1336 vero
1003 1279 1176 1348 credamus,

115 1379 219 1454 priscis
253 1361 445 1453 temporibus
482 1385 589 1454 patres
624 1364 749 1439 sanctos
788 1377 909 1438 silentio
944 1379 1095 1439 obtulisse
1128 1382 1175 1439 vel

115 1483 370 1552 communicasse,
405 1480 492 1554 quod
527 1481 619 1540 etiam
653 1481 806 1541 hactenus
836 1481 866 1539 in
898 1482 1030 1542 sabbato
1062 1482 1177 1541 sanoti³

114 1581 245 1656 paschae
264 1583 479 1642 observamus
519 1584 589 1652 Sed,
613 1585 695 1644 sieut
717 1599 812 1659 supra
832 1583 1018 1653 dictumest,
1042 1582 1177 1644 diversis

114 1683 208 1745 modis
238 1692 270 1746 et
298 1685 436 1762 partibus
469 1701 523 1760 per
551 1692 692 1762 tempora
719 1687 813 1745 decus
843 1686 998 1761 prooessit
1026 1686 1176 1745 ecelesiae

113 1795 140 1844 et
168 1804 268 1864 usque
297 1788 326 1844 in
355 1787 448 1848 tinem
470 1788 580 1863 augeri
609 1804 669 1847 non
693 1787 822 1845 desinet.
867 1785 1011 1848 Traditur
1034 1788 1175 1863 denique,

114 1885 437 1963 beatum'Gregorium
466 1889 545 1950 sieut
569 1890 793 1950 ordinationem
823 1889 987 1948 missarum
1010 1896 1041 1946 et
1067 1905 1198 1952 conso.

113 1991 292 2061 orationum,
326 1990 368 2050 ita
401 1992 493 2050 etiam
527 1992 702 2051 cantilenae
737 1989 929 2064 disciplinam
964 1991 1099 2048 mamma
1135 2005 1172 2048 ex

113 2099 192 2164 parte
215 2095 244 2151 in
264 2108 342 2164 eam,
366 2107 447 2166 quae
463 2091 618 2152 hacteuus
634 2092 724 2166 quasi
744 2091 964 2150 decentissima
981 2090 1173 2160 observatur,

113 2190 359 2269 dispositionem>
371 2194 563 2268 perduxisse,
576 2194 656 2254 sicut
668 2199 698 2252 et
711 2195 738 2251 in
752 2193 851 2268 capite
865 2191 1074 2268 antiphonarii
1090 2208 1172 2252 corn·

112 2298 323 2358 memoratum
361 2294 526 2355 Sciendum
545 2301 658 2372 autom,
683 2293 837 2371 quosdam
861 2295 1030 2354 inordinate
1052 2293 1173 2370 offerre,

112 2398 159 2470 qui
178 2397 375 2458 attendentes
397 2414 558 2457 numerum
576 2397 765 2457 oblationum
790 2397 891 2473 potius
914 2413 1007 2472 quam
1027 2396 1171 2455 virtutem

113 2505 372 2560 sacramentorum
401 2515 498 2574 saepe
527 2499 643 2560 inillis
667 2505 880 2559 transeunterc
903 2498 1034 2558 offerunt
1059 2497 1173 2570 missis,

22 2615 23 2618 ¹
113 2601 147 2658 ad
168 2619 247 2677 quas
272 2602 438 2675 persistere
462 2602 579 2663 nolunt.
624 2601 849 2661 Rationabilius
874 2601 1027 2677 siquidem
1051 2606 1109 2667 est,
1132 2598 1173 2657 ibi

112 2699 226 2772 offerre,
250 2702 305 2761 ubi
327 2702 406 2760 velis
430 2704 607 2776 persistere,
632 2705 733 2778 utqui
756 2719 868 2762 munus
884 2702 1016 2762 Domino
1036 2701 1173 2762 obtulisti

111 2801 217 2864 offeras
250 2805 363 2879 pariter
388 2819 443 2878 pro
469 2805 579 2864 eodem
606 2821 732 2865 munere
761 2806 960 2880 suscipiendo
990 2804 1173 2881 postulatio·
1220 2866 1225 2874 ,

113 2919 175 2964 nem
199 2908 355 2966 devotam.
401 2907 468 2964 Non
493 2907 574 2965 enim
604 2909 716 2967 trustra
747 2907 775 2965 in
805 2907 927 2966 actione
951 2907 1074 2967 dicitur:
1103 2910 1174 2980 „pta

112 3007 161 3065 tibi
175 3009 336 3082 offeruod,
359 3023 420 3066 non
439 3005 571 3068 diciturd
587 3010 656 3083 „qui
673 3010 874 3081 obtulerunt“‚
897 3015 931 3067 ut
946 3005 1172 3083 intellegamus,

174 3171 186 3199 ⁸
204 3173 295 3236 llmlh,
313 3180 413 3236 sanot03
432 3191 452 3226 c.
465 3183 574 3227 sauctae.
589 3205 620 3213 -
633 3163 645 3202 b
658 3176 691 3236 ll,
704 3191 733 3226 ea
744 3205 777 3213 -
790 3176 965 3240 dispositione.
984 3205 1015 3213 -
1034 3175 1090 3237 οΜ,
1103 3181 1172 3224 tran-

112 3260 215 3309 seuntes.
228 3287 260 3297 -
274 3246 288 3285 ‘¹
301 3258 348 3310 SG.
361 3258 439 3309 habet
451 3261 518 3323 dicit,
537 3261 599 3310 dum
613 3261 657 3310 alii
672 3277 770 3321 omnes,
788 3261 813 3310 M
827 3259 865 3310 ll1
878 3277 916 3323 oe,
933 3259 1055 3311 exhibent
1072 3261 1171 3311 dicitur.

134 3359 187 3368 -——
449 3365 658 3373 .-—.—..—-
681 3369 686 3372 .
944 3369 961 3373 ..
972 3365 1174 3374 ..——·——-

112 3419 135 3468 in
152 3421 300 3478 hominibus
317 3428 515 3491 beneplacitum.
541 3429 689 3479 Laudamus
707 3435 738 3492 te,
755 3429 932 3480 benedicimus
950 3434 973 3479 te
985 3434 1047 3480 ete.“
1078 3429 1172 3493 Migne.

113 3519 130 3553 s·
149 3521 172 3570 g.
190 3515 206 3560 t.
226 3513 266 3575 28,
285 3528 309 3575 p.
329 3515 386 3564 275.

180 3597 187 3628 ¹
206 3596 308 3646 Titulus
321 3596 494 3661 antiphonarii
507 3595 572 3647 nihil
584 3604 767 3649 commemorat
781 3599 857 3649 huius
870 3600 915 3660 rei,
929 3598 1035 3650 loannes
1047 3599 1173 3648 Diaconos

113 3679 192 3727 autem
210 3680 237 3730 in
255 3683 306 3731 vita
327 3697 374 3732 sua
392 3681 507 3746 Gregorii
525 3681 612 3746 Magni
636 3685 708 3734 reteri
731 3683 775 3734 lib.
794 3683 822 3743 ll,
841 3698 862 3735 o.
881 3686 908 3735 6:
939 3683 1171 3748 „antiphonarium

113 3763 240 3814 centonem
266 3771 397 3816 cantorum
425 3766 627 3816 studiosissimus
654 3767 731 3817 nimis
754 3767 848 3818 utiliter
872 3767 1031 3833 compilavit;
1057 3765 1172 3818 scholam

113 3854 210 3909 ‘litoque
222 3857 362 3912 cantorum,
379 3867 445 3917 quae
462 3852 585 3902 hactenus
597 3852 694 3903 eisdem
713 3853 913 3905 institutionibus
930 3855 956 3904 in
969 3859 1057 3904 saneta
1068 3866 1174 3902 romana

112 3925 213 3980 ecclesia
231 3934 385 3998 modulatur,
402 3938 554 3988 constituit.“
591 3936 677 4001 Migne
696 3953 715 3987 s.
733 3937 749 3987 l.
770 3942 785 3988 l.
805 3940 828 4000 l,
846 3953 870 4001 p.
890 3940 930 3989 90.
