2956 4766
588 406 799 466 ..99-

160 585 267 650 tatum,
300 577 446 656 quamvis
474 593 533 638 non
564 577 710 648 nesciam,
743 575 953 636 ordinationes
984 582 1175 652 potestatum
1200 587 1231 640 et

161 677 335 743 ciliciorum
358 685 446 741 tanta
469 679 649 740 diversitate
673 695 728 754 pro
747 681 897 739 varietate
920 680 1066 753 gentium,
1088 681 1229 742 locorum

161 791 192 843 et
215 791 388 858 temporum
412 784 591 858 perplexas,
621 788 655 840 ut
678 781 715 839 de
739 780 783 840 eis
806 782 859 839 vix
884 780 1003 856 aliquid
1026 783 1103 842 certi
1129 785 1231 858 possit

162 885 283 961 exponi.
329 885 466 958 Quotusa
489 885 570 945 enim
600 885 733 960 quisque
757 890 817 954 est,
847 884 899 958 qui
928 899 963 942 se
986 884 1066 943 seire
1090 886 1230 961 fateatur,

132 1049 136 1058 ,
161 989 273 1063 quibus
296 1002 357 1045 non
381 988 449 1047 dico
468 985 680 1062 Assyriorum,
703 984 863 1044 Medorum
884 989 914 1043 et
934 984 1150 1056 Macedonum,
1174 988 1230 1046 sed

160 1091 210 1148 vel
234 1089 454 1162 Romanorum,
486 1088 570 1163 quod
594 1087 696 1146 notius
719 1093 749 1144 et
770 1085 942 1162 proximius
966 1087 1058 1146 nobis
1086 1094 1143 1160 est,
1174 1090 1230 1148 im-

160 1193 278 1268 perium
303 1189 501 1250 distributum
530 1190 622 1248 luerit
644 1194 676 1248 et
698 1189 872 1250 ordinatum
901 1189 1230 1250 amministrationibus

160 1301 191 1353 et
214 1293 332 1363 ciliciis,
357 1308 426 1352 cum
450 1309 505 1366 per
526 1293 746 1367 longitudinem
763 1297 937 1365 temporum
962 1293 1042 1350 aliae
1060 1297 1231 1368 potestates

160 1398 228 1456 aliis
252 1400 391 1455 mutatae
415 1395 489 1465 sint,
521 1395 601 1474 aliae
624 1390 776 1467 additael,
805 1394 883 1452 aliae
909 1393 1076 1466 sublataess,
1106 1399 1140 1453 ut
1161 1395 1232 1474 ipsa

160 1496 364 1557 instabilitate
387 1512 490 1556 rerum
512 1495 682 1556 humanum
700 1512 773 1556 esse
796 1501 825 1554 et
845 1497 1067 1571 temporarium
1087 1512 1231 1571 compro-

161 1600 272 1670 betur,¹
291 1598 375 1673 quod
406 1599 540 1684 quadam
570 1599 778 1658 inconstantia
809 1605 838 1657 et
864 1598 893 1657 in
922 1599 1022 1657 maius
1055 1599 1232 1658 extenditur

161 1708 192 1761 et
226 1701 255 1758 in
288 1701 390 1760 minus
421 1701 634 1761 contrahitur?
684 1700 817 1761 Omissis
846 1697 958 1776 igiturd
987 1702 1114 1761 incertis
1149 1718 1231 1778 quae

160 1803 279 1862 notiora
302 1807 375 1861 sunt
396 1803 530 1862 invicem
553 1817 782 1878 comparemus
810 1807 844 1862 ut
866 1804 1077 1876 ostendamus,
1107 1805 1232 1863 ordina-

159 1904 262 1964 tiones
284 1903 460 1963 mundanae
483 1905 654 1979 sapientiae
683 1905 714 1962 in
738 1905 907 1976 spiritalem
931 1905 1084 1965 ecclesiae
1106 1906 1231 1964 univer·

162 2006 237 2064 salis
275 2004 497 2078 rempublicam
535 2006 634 2064 sacris
671 2004 919 2063 distinctionibus
956 2011 1164 2065 commutatas
1201 1986 1232 2063 in

162 2106 396 2166 similitudinem
420 2107 569 2182 antiquae
592 2105 751 2176 historiae,
774 2121 836 2181 qua
857 2107 906 2166 rel
930 2109 1080 2180 pecuniae
1103 2110 1232 2184 Aegyp-

159 2209 275 2267 tiorum
298 2208 328 2266 iu
353 2223 443 2266 usum
471 2207 687 2266 tabernaculi¹
708 2209 758 2267 vel
782 2207 928 2266 cedride
954 2206 1071 2268 Libano
1095 2210 1178 2269 oaesi
1201 2210 1232 2268 in

161 2311 268 2386 templi
292 2307 541 2369 aedificationem
566 2309 762 2384 profecisse.2
805 2308 892 2369 Raab
916 2325 1048 2385 quoque,
1079 2311 1179 2371 Ruthe
1202 2317 1233 2371 et

162 2411 277 2473 Achior
296 2413 327 2471 in
351 2429 513 2473 numerum
537 2413 645 2487 populi
668 2412 724 2471 Dei
746 2413 890 2471 translati
913 2413 1106 2471 narrantur.³

221 2509 450 2588 Sicutaugustif
459 2515 666 2574 Romanorum
676 2515 771 2574 totius
782 2513 866 2573 orbis
876 2513 1233 2575 monarchiamtenuisse

163 2619 311 2687 feruntur,
334 2618 378 2677 ita
401 2633 543 2678 summus
567 2617 705 2694 pontifex
726 2616 853 2676 insede
875 2633 1004 2676 romana
1025 2619 1125 2677 vicem
1151 2617 1232 2676 beati

164 2720 244 2778 Petri
268 2733 380 2793 gerens
402 2719 497 2778 totius
514 2719 669 2779 eeclesiae
690 2719 778 2794 apice
801 2717 995 2792 sublimatum
1019 2717 1057 2777 de
1081 2733 1143 2794 quo
1167 2733 1232 2778 sar·

165 2819 283 2879 dicensi
305 2821 434 2880 concilio
451 2822 625 2894 sternitum,
649 2826 831 2880 cunctorum
848 2826 964 2880 statuta
978 2820 1018 2878 ad
1038 2836 1109 2878 eum
1125 2817 1232 2878 reterri

166 2921 280 2980 debere
299 2921 392 2995 idque
412 2921 653 2992 observandum,
678 2922 761 2998 quod
783 2923 851 2997 ipse
868 2922 1016 2982 statuerit.
1049 2920 1137 2982 Sicut
1156 2936 1233 2980 vero

166 3037 307 3084 summus
320 3024 439 3082 saeculi
450 3023 640 3098 principatus
652 3040 713 3101 non
724 3028 842 3083 tantum
857 3023 941 3098 apud
949 3023 1117 3097 Romanos
1124 3038 1232 3082 verum

166 3125 259 3186 etiam
276 3125 360 3201 apud
375 3125 503 3184 aliarum
519 3129 653 3200 partium
668 3131 778 3202 gentes
793 3126 945 3186 interdum
962 3125 1027 3198 luit,
1049 3124 1092 3184 ita
1108 3129 1139 3183 et
1154 3124 1232 3184 aliae

166 3227 321 3289 ecelesiae
349 3227 491 3301 dignitati
518 3228 603 3288 sedis
631 3245 779 3308 romanae
801 3229 1027 3298 consociantur,
1054 3228 1085 3286 id
1109 3231 1157 3287 est
1179 3243 1233 3288 an-

235 3428 313 3490 ιῑΜί,
331 3433 401 3494 quoi.
428 3455 461 3464 -
487 3413 558 3488 boe,
575 3427 699 3480 subditae.
725 3456 758 3466 -
785 3427 854 3492 ο011,
873 3428 985 3490 additae3
1003 3427 1048 3492 ml,
1067 3427 1175 3480 abditae.
1201 3454 1235 3464 -·

167 3501 238 3576 doe,
254 3529 325 3578 ergo.
342 3541 376 3550 -
394 3510 406 3538 θ
424 3527 463 3572 oe,
481 3517 505 3563 et
523 3511 600 3564 Ruth.
621 3541 652 3548 -
669 3496 682 3538 f
697 3527 737 3573 oe,
754 3518 840 3564 autem
858 3528 930 3577 gens.

983 3634 1233 3643 ————

240 3700 347 3751 1Exod.
364 3698 407 3760 XI,
425 3701 448 3752 2.
469 3697 580 3760 xl1,3t.
607 3725 640 3736 -
669 3697 730 3747 ²lll
747 3699 811 3762 Reg.
828 3697 860 3760 V,
879 3700 902 3750 6.
929 3727 960 3736 -
989 3697 1089 3750 ³losue
1106 3697 1137 3760 ll,
1154 3700 1235 3764 3sqq.

170 3782 238 3833 Ruth
255 3783 298 3845 lV,
316 3789 339 3848 b,
356 3787 395 3837 tt.
412 3784 465 3836 lud
483 3782 526 3847 Vl,
545 3784 569 3835 6.
587 3811 621 3820 -
640 3788 651 3821 ⁴
668 3781 812 3836 Concilium
830 3784 920 3836 sardic.
938 3798 1005 3834 anno
1021 3784 1071 3835 344
1089 3781 1236 3832 adscriben-

169 3867 232 3919 dum
244 3873 282 3918 est
298 3875 322 3920 et
338 3875 436 3934 statuta,
450 3885 517 3936 quae
534 3868 660 3933 intellegit
677 3867 720 3920 hio
732 3867 898 3928 Walairidus,
916 3881 972 3920 tan.
986 3870 1009 3930 3,
1021 3870 1038 3920 4
1050 3872 1073 3918 et
1086 3871 1100 3919 5
1119 3871 1236 3918 contenta

170 3958 237 4004 sunt
271 3952 321 4006 Cir.
339 3954 425 4007 Helela
443 3954 539 4007 Concil.
558 3953 651 4006 Gesch.
667 3953 715 4005 Bd.
733 3952 752 4015 l,
769 3969 795 4019 p.
814 3955 863 4006 560
873 3967 928 4019 sqq.

1001 4034 1032 4088 7ss
