2896 4828
566 419 777 477 ...41-

613 673 732 744 XVIII.

169 843 220 912 ne
247 844 371 912 ot'rinie
396 850 681 912 stercorationem
708 849 742 912 et
767 865 831 911 cnr·
857 843 898 912 ob
924 847 974 913 eis
1001 847 1174 915 criminosi

543 962 802 1053 suspendantur.

200 1165 297 1238 Igitur
327 1179 397 1223 cum
427 1163 493 1237 ipse
521 1162 603 1230 iilius
630 1153 695 1223 Dei
716 1164 812 1223 dicat:
846 1180 923 1224 coro
957 1181 1026 1223 meo
1057 1181 1130 1224 vere
1162 1171 1206 1222 est

136 1268 241 1342 cibos,
272 1272 303 1326 ot
322 1267 450 1337 sunonis
476 1281 560 1323 mens
587 1282 659 1324 nere
687 1273 733 1325 est
755 1267 874 1340 potns¹,
902 1267 943 1325 ita
967 1266 1205 1342 intellegendum

136 1374 197 1439 est,
230 1369 342 1428 eadem
377 1367 599 1442 redemptionis
634 1374 759 1426 nostrae
783 1366 930 1443 mysteria
953 1373 988 1426 et
1010 1382 1097 1426 vere
1121 1382 1206 1426 esse

136 1484 281 1545 corpus
305 1477 367 1527 ac³
390 1471 616 1543 sanguinem
641 1469 810 1540 domini2,
832 1475 866 1529 ut
886 1469 966 1528 iliius
990 1469 1115 1530 unitatis
1135 1486 1205 1544 per-

135 1570 244 1641 fectae,
260 1585 353 1646 quam
367 1587 436 1630 cum
450 1573 549 1647 capite
562 1577 667 1631 nostre
680 1572 739 1630 iam
752 1587 817 1646 spe,
830 1567 962 1644 posteab
974 1586 1007 1629 re
1020 1569 1207 1642 tenebimus

135 1672 270 1748 pignora
292 1672 418 1731 credere
441 1671 636 1732 debeamus.
681 1673 756 1731 inde
779 1677 809 1730 et
829 1680 1027 1732 sacramenta
1050 1689 1068 1732 a
1091 1675 1206 1733 sancti-

132 1774 280 1834 ficatione
302 1776 352 1833 vei
376 1785 497 1835 secreta
518 1775 632 1836 virtute
649 1775 801 1846 dicuntur,
824 1774 906 1832 unde
929 1775 1020 1833 etiam
1044 1775 1205 1836 criminum

132 1877 284 1936 foeditate
297 1876 471 1951 capitalium
486 1891 504 1934 a
519 1877 727 1937 membromm
740 1875 851 1936 Christi
876 1873 1027 1936 sanitated
1042 1877 1205 1936 deviantes

132 1979 169 2038 ab
211 1977 288 2054 ipsis
325 1980 530 2038 sacramentis
564 1978 779 2040 ecclesiastico
813 1964 1047 2054 suspenduntur
1083 1979 1204 2040 iudicio.

132 2081 195 2156 Qui
227 2081 309 2139 enim
337 2094 451 2155 corpus
485 2087 516 2138 et
549 2081 731 2153 sanguinem
763 2079 884 2139 Domini
920 2079 1012 2154 digne
1040 2079 1206 2140 manducat

131 2191 160 2243 et
189 2182 282 2252 bibit,
310 2180 468 2256 designat,
501 2197 534 2241 se
567 2199 639 2243 esse
659 2183 698 2241 ‘in
730 2181 795 2239 Deo
824 2186 855 2239 et
881 2181 980 2240 Deum
1008 2181 1037 2239 in
1068 2197 1121 2251 θος
1151 2183 1204 2258 qui

130 2301 213 2346 ver-0
237 2283 422 2344 medicinam
445 2286 497 2344 vel
519 2301 580 2344 non
604 2283 700 2344 habet
722 2284 771 2343 vei
792 2298 830 2343 ea
846 2283 970 2358 indigne
986 2284 1088 2353 utitur,
1110 2285 1203 2357 longe

132 2403 165 2447 se
198 2386 362 2446 amedico
386 2401 458 2444 esse
482 2388 656 2460 languendo
679 2392 827 2460 testatur;
857 2399 918 2444 non
948 2386 1030 2444 enim
1059 2383 1205 2444 mentitur

132 2492 192 2566 qui
216 2488 302 2548 dicit:
325 2490 401 2562 „nisi
424 2490 685 2550 manducaveritis
708 2503 837 2546 carnem
847 2489 909 2559 filii
922 2488 1052 2547 bominis
1074 2496 1104 2545 et
1125 2487 1206 2546 bide·

132 2595 209 2652 ritis
243 2593 308 2650 eins
333 2593 527 2664 sanquinem,
560 2606 621 2650 non
655 2591 804 2650 indebitis
837 2591 931 2649 vitam
962 2593 993 2649 in
1026 2590 1149 2659 uobis“³,
1176 2594 1206 2647 et

133 2693 268 2768 reliqua.
319 2679 484 2751 S'ciendum
512 2701 613 2768 verm,
640 2707 658 2750 a
685 2691 801 2750 sanctis
830 2689 970 2767 patribus
999 2689 1039 2749 ob
1068 2691 1128 2750 hoc
1156 2693 1205 2750 vei

133 2794 275 2854 maxime
299 2796 512 2872 constitutum,
536 2801 569 2853 ut
592 2795 761 2853 mortaliter
784 2797 951 2867 peccantes
967 2805 986 2849 a
1000 2794 1204 2852 sacramentis

135 2895 302 2956 dominicis
326 2903 498 2968 arceantur,
522 2914 561 2955 ne
585 2896 708 2970 indigne
733 2909 771 2953 ea
794 2892 1000 2968 percipientes
1021 2894 1071 2952 vei
1096 2894 1203 2952 maiori

137 3004 228 3056 reatu
255 2996 453 3057 involvantur
487 3007 519 3057 ut
546 3000 653 3067 ludas,
683 3012 776 3072 quem
807 3001 879 3070 post
908 3010 1018 3067 panem
1047 3000 1206 3054 temerea

138 3098 289 3175 Magistro
317 3104 497 3175 susceptum
527 3100 670 3160 diabolus
700 3099 810 3157 dicitnr
837 3099 961 3173 plenius
983 3096 1148 3168 invasisse,
1171 3104 1205 3156 ut

139 3203 270 3271 crimen,
298 3201 382 3276 quod
410 3201 497 3277 prius
527 3205 680 3262 sceterata
708 3199 984 3277 praemeditatione
1012 3207 1206 3273 conceperat,

139 3300 200 3362 iam
236 3303 477 3362 sceleratissimo
513 3310 742 3362 consummaret
780 3301 908 3377 effectu3
945 3302 996 3360 vei
1030 3316 1082 3373 ne,
1121 3300 1204 3377 quod

139 3407 301 3479 apostolus
325 3404 363 3463 de
388 3402 552 3465 Corinthiis
579 3405 682 3481 dicit⁴‚
711 3404 916 3464 infirmitatem
944 3405 1081 3479 corporis
1110 3405 1204 3463 etin·

139 3521 342 3531 ᾕ-

963 3555 977 3596 d

208 3571 221 3598 ²
239 3587 276 3634 oe,
294 3576 326 3622 et.
345 3599 376 3608 -
397 3557 409 3597 b
429 3587 462 3633 m,
481 3573 589 3634 postera.
610 3599 644 3606 —
668 3569 678 3598 ⁰
697 3570 885 3631 cedebamus.
908 3599 939 3608 —
995 3586 1033 3632 oe,
1052 3586 1067 3620 a
1085 3569 1206 3622 membris

141 3650 235 3705 Christi
253 3657 392 3707 deviantes.
410 3685 444 3693 -
462 3654 474 3682 θ
492 3671 530 3716 oe,
547 3656 624 3705 enim.

212 3808 306 3860 ¹Iuan.
324 3808 368 3870 VI,
381 3811 421 3862 56.
449 3837 482 3846 -
515 3807 596 3859 ²Cir.
624 3809 742 3872 superius
765 3821 802 3872 cp.
825 3807 896 3869 XVI,
915 3812 974 3859 nota
992 3810 1021 3868 2,
1045 3822 1083 3871 cp.
1100 3805 1158 3855 xvi
1182 3811 1206 3857 et

142 3904 180 3956 cp.
197 3892 274 3958 xvii,
292 3909 316 3960 p.
336 3895 367 3946 38
379 3909 416 3960 sq.
436 3923 466 3931 -
489 3893 604 3944 ³luann.
623 3892 719 3952 Vtut.
748 3921 779 3930 -
808 3893 878 3944 ⁴Ab
897 3892 938 3942 his
956 3890 1041 3943 verbis
1064 3906 1145 3958 usque
1172 3890 1207 3942 ad

142 3973 219 4028 finem
236 3979 340 4044 capituli
358 3979 414 4029 XXI
432 3981 459 4029 in
478 3978 533 4029 cod.
553 3977 590 4026 Μι
608 3977 700 4027 lacuna
717 3982 762 4028 est.
