2896 4828
574 349 762 408 ..9-

130 521 392 580 conversantium
409 523 535 596 semota,
552 518 582 575 in
599 519 713 594 quibus
731 516 888 577 orationes
904 516 1036 576 mundas
1052 523 1083 575 et
1098 530 1202 574 sacro-

131 630 248 684 sancta
270 621 419 701 mysteria
442 627 472 680 ct
488 627 614 680 mutuae
629 618 854 678 aedificationis
870 619 981 677 solatia
1001 617 1202 678 celebrarent.

135 725 286 800 Quamvis
309 725 389 785 enim
412 723 585 785 secundum
608 723 832 798 evangelistam
857 727 946 780 erant
965 721 1107 796 discipuli
1134 735 1202 779 cum

135 829 333 888 credentibus
367 843 492 902 semper
525 827 556 884 in
589 826 704 900 templo
737 825 788 882 vel
821 825 1006 895 coenaculo,
1039 824 1201 883 laudantes

139 931 236 991 Deum
269 937 300 990 et
322 929 452 990 urationi
482 945 519 988 ac
547 927 660 986 ieiunio
686 926 890 1000 insistentem,
917 932 1021 984 tamen
1050 933 1124 1001 post
1149 924 1203 984 ad·

135 1039 258 1092 ventum
284 1033 413 1108 spiritus
437 1031 536 1090 sancti
559 1029 691 1103 legimus
720 1043 775 1087 eos
804 1028 886 1086 circa
909 1028 1019 1086 domos
1045 1027 1203 1087 orationes

133 1142 166 1194 et
188 1135 356 1196 fractiones
379 1135 470 1210 panis
495 1132 681 1202 celebrasse,
705 1137 736 1190 et
759 1147 820 1192 non
834 1132 944 1190 solum
961 1131 1058 1189 intraa
1080 1128 1202 1187 urbium

133 1237 293 1304 aedificia,
327 1250 438 1296 verum
477 1239 508 1292 et
541 1239 631 1294 extra
662 1234 692 1293 in
725 1233 801 1292 locis
837 1233 965 1291 sccretis
1007 1230 1202 1291 convenisse.

133 1339 214 1398 Nam
238 1345 269 1397 et
291 1337 408 1397 Paulus
431 1337 626 1411 processisse
641 1336 753 1410 legitur
768 1334 796 1391 in
812 1333 963 1410 Philippis
979 1339 1068 1393 extra
1084 1340 1202 1409 portam

136 1441 223 1499 iuxta
256 1438 386 1509 flumen,
419 1439 472 1499 ubi
502 1438 667 1499 videbatur
701 1439 798 1496 oratio
837 1438 934 1507 esse2,
969 1442 1000 1496 et
1032 1437 1097 1510 ipse
1132 1452 1201 1496 eum

136 1541 281 1617 Ephesiis
319 1541 417 1600 oravit
456 1541 485 1600 iu
522 1541 640 1602 litore.3
703 1538 777 1598 Cum
812 1547 913 1599 autem
948 1540 1203 1616 multiplicaretur

133 1661 283 1704 numerus
300 1643 501 1714 credentium,
519 1647 688 1718 coeperunt
703 1644 814 1703 domos
831 1658 905 1703 suas
922 1645 1025 1702 lacere
1041 1643 1201 1714 ecclesias,

132 1754 167 1805 ut
198 1747 227 1804 in
262 1747 360 1822 gestis
394 1751 571 1806 sanctorum
603 1741 809 1805 ereberrimeb
840 1745 964 1821 legitur,
1000 1752 1030 1806 et
1061 1747 1201 1822 privatas

131 1847 345 1910 habitationes
380 1850 418 1908 ad
442 1847 601 1923 'publicas
633 1849 772 1908 fidelium
809 1849 1008 1907 contulerunt
1045 1850 1201 1909 utilitates

132 1949 237 2024 Saepe
275 1953 367 2010 etiam
397 1959 632 2022 persecutorum
660 1951 777 2010 rabiem
807 1950 999 2010 declinantes
1034 1952 1063 2008 in
1097 1951 1202 2026 criptis

134 2058 166 2108 et
198 2051 227 2108 in
262 2051 418 2110 cimiteriis
452 2059 483 2110 et
512 2052 667 2126 speluncis
699 2058 793 2126 atque
827 2052 960 2111 desertis
996 2053 1148 2112 montibus
1172 2060 1203 2111 et

133 2151 271 2211 vallibus
300 2151 516 2211 conventicula
544 2151 704 2212 iaciebant.
760 2153 877 2213 Deinde
912 2155 1010 2228 magis
1038 2156 1202 2228 magisque

133 2252 313 2326 proliciente
352 2253 539 2315 christianae
575 2255 731 2330 religionis
771 2257 920 2317 miraculo
954 2263 985 2314 et
1023 2273 1080 2332 per
1116 2259 1202 2318 lucra

136 2351 251 2414 Christi
285 2356 398 2417 damno
429 2357 618 2418 succedente
649 2358 777 2430 diaboli,
811 2375 873 2418 non
901 2363 1001 2418 solum
1031 2375 1133 2420 novae
1160 2360 1200 2420 ad

136 2458 288 2519 orandum
306 2459 419 2519 domus
436 2467 632 2520 constructae
648 2468 730 2530 sunt,
753 2461 916 2520 sedetiam
937 2465 1053 2539 templa
1076 2463 1205 2522 deorum

137 2559 266 2620 abiectis
298 2568 329 2622 et
355 2564 568 2624 exterminatis
599 2563 690 2623 idolis
721 2579 789 2623 cum
826 2565 1038 2639 spurcissimis
1071 2565 1204 2647 cultibus

137 2661 202 2720 suis
226 2662 254 2720 in
278 2664 334 2723 Dei
357 2673 531 2726 mutanturc
554 2666 730 2726 eeclesiasl

640 3025 697 3094 IV.

335 3173 376 3242 lu
404 3198 487 3266 quus
504 3178 631 3268 plupus
657 3185 794 3247 orantes
820 3182 1006 3246 uertuntur.

203 3376 241 3436 Et
270 3379 345 3452 quia
374 3379 537 3439 diversitas
571 3381 763 3442 idololatriae
795 3380 925 3442 diversis
955 3380 1055 3440 modis
1088 3379 1205 3454 temple

121 3485 363 3556 construxerat,
387 3499 445 3541 non
471 3498 660 3558 magnopere
683 3483 835 3542 curabant
850 3483 930 3544 illius
951 3481 1100 3556 temporis
1123 3479 1205 3549 iusti,

141 3579 342 3592 ————·—--

206 3611 275 3674 ὅσα,
293 3617 365 3666 inter.
384 3643 417 3652 —
437 3603 450 3643 t
468 3614 516 3676 M1,
536 3615 706 3667 celeberrime.
727 3645 758 3652 -
776 3614 787 3640 ⁰
805 3632 844 3671 oe,
863 3616 1035 3666 mutabantur.

140 3700 320 3794 *Thur
341 3737 379 3794 13,
392 3737 438 3799 143
456 3735 483 3798 u,
498 3739 520 3787 1.
554 3766 585 3775 -
616 3738 701 3787 rna.
718 3734 782 3798 xvi,
802 3737 838 3788 ra
867 3765 898 3774 -
926 3740 937 3773 ³
955 3739 1012 3786 Aet.
1031 3733 1084 3795 xx,
1097 3735 1137 3785 ar.
1161 3733 1205 3783 eu.

138 3811 200 3877 XXI,
213 3819 238 3879 5Ι
260 3845 290 3854 -
317 3821 327 3854 ⁴
346 3818 382 3868 De
399 3820 507 3872 basilica
529 3819 667 3871 christiana
684 3820 791 3886 eiusque
808 3821 907 3886 origine
929 3821 972 3872 clr.
989 3824 1122 3870 tractatum
1139 3817 1206 3870 lectu

137 3898 212 3950 valde
231 3901 340 3966 dignum
359 3919 379 3956 s.
398 3920 421 3954 v.
439 3903 553 3956 basililra
570 3905 597 3955 in
614 3904 706 3965 Kraus,
724 3905 939 3972 Reti-Encyclop.
959 3907 976 3968 l,
992 3907 1039 3960 109
1049 3919 1103 3969 sqq.
