2956 4766
651 357 860 417 -94-

223 526 383 598 apostolus
405 525 522 588 Paulus
545 527 585 586 ad
608 526 808 585 astruendam
830 525 1068 586 resurrectionis
1092 525 1185 586 iidem
1204 539 1276 584 con-

222 635 374 687 memorat
384 630 403 699 1,
433 628 503 704 quia
528 629 585 688 nisi
610 628 811 688 crederentur
833 628 1037 689 resurrecturi
1064 632 1190 689 stultum
1214 631 1278 698 erat,

222 745 279 804 pro
302 731 348 790 eis
370 732 423 806 qni
445 732 504 790 iam
529 747 591 791 non
614 731 785 790 existerent
808 731 977 790 laborare.2

659 935 859 942 ———

682 1089 835 1158 XXVIII.

571 1257 624 1327 De
650 1259 787 1327 decimis
814 1259 945 1334 dandis

286 1458 456 1519 Decimae3
482 1458 547 1518 Deo
581 1467 611 1519 et
644 1460 863 1522 sacerdotibus
893 1460 948 1520 Dei
983 1460 1104 1521 dandas
1133 1458 1291 1518 Abraham

224 1560 344 1631 laetist,
375 1561 466 1620 Iacob
488 1558 656 1639 {promissis
683 1563 853 1634 insinuat⁵‚
887 1563 998 1622 deinde
1029 1565 1080 1622 lex
1108 1562 1238 1622 statuiti
1266 1565 1294 1619 et

225 1677 335 1722 omnes
358 1663 502 1723 doctores
523 1666 623 1724 sancti
646 1670 901 1727 commemorant.
946 1663 983 1724 Et
1005 1665 1144 1740 prolecto
1169 1664 1294 1738 dignum

226 1770 302 1834 erat,
326 1772 359 1826 ut
381 1766 540 1827 Israelitae
558 1768 701 1828 'decimas
729 1785 877 1842 pecorum
901 1775 931 1828 et
959 1767 1080 1843 frugum
1104 1775 1134 1827 et
1157 1765 1295 1826 omniurn

226 1868 425 1942 pecuniarum
458 1869 585 1930 Domino
619 1871 737 1944 darent,
771 1873 824 1946 qui
856 1877 890 1930 ut
922 1887 976 1931 eos
1010 1868 1154 1930 liberaret
1188 1869 1296 1928 decem

229 1970 330 2044 plagis
357 1972 513 2047 percussit
540 1975 716 2049 Aegyptios
747 1979 776 2032 et
806 1975 836 2032 in
865 1974 1036 2034 novissima
1066 1975 1159 2047 plaga
1184 1972 1297 2047 primo·

229 2073 333 2147 genita
367 2080 547 2134 cunctorum
581 2075 762 2150 disperdidit
800 2078 993 2151 gratiamque
1033 2074 1099 2134 suis
1137 2073 1299 2148 praestitit,

229 2185 309 2251 quaa
330 2177 504 2251 impetratis
530 2178 668 2252 pecuniis
692 2178 860 2253 spoliarent
883 2179 1069 2254 Aegyptum.
1099 2174 1160 2234 ·De
1184 2175 1298 2250 quibus

228 2277 357 2337 decimis
369 2280 563 2353 Augustinus
581 2279 689 2340 doctor
707 2279 852 2341 mirabilis
866 2279 951 2341 dicit:
967 2279 1125 2353 „decimae
1140 2296 1181 2337 ea
1198 2279 1299 2338 debito

210 2382 437 2453 requirantur.
475 2381 555 2452 Queat
576 2382 603 2439 si
623 2381 744 2442 diceret
757 2382 850 2456 Deae,
874 2397 983 2456 nempe
998 2397 1080 2440 meus
1104 2397 1135 2440 es
1158 2381 1300 2440 oltomol

228 2496 298 2539 mea
322 2489 367 2540 est
390 2490 478 2542 terra
501 2491 594 2556 quam
617 2485 702 2558 colis,
732 2500 801 2542 meo
823 2490 894 2542 suot
914 2485 1033 2542 semina
1056 2499 1136 2558 qaae
1162 2483 1299 2558 spor-pis,

228 2597 296 2642 mea
320 2585 470 2643 animalia
499 2602 580 2659 quae
602 2586 735 2660 salicas,
768 2603 850 2646 meets
873 2591 919 2645 est
938 2587 1012 2645 solis
1035 2588 1144 2656 calor5
1174 2587 1205 2643 et
1232 2600 1301 2646 cum

227 2697 297 2741 mea
319 2686 422 2743 omnio
445 2687 516 2762 stat,
543 2694 574 2745 ta
596 2688 648 2761 qui
670 2688 768 2745 minus
791 2683 1007 2764 accomodari,
1029 2691 1128 2746 solam
1148 2686 1301 2745 decimam

227 2786 407 2858 merebaris,
438 2787 494 2845 sed
514 2804 639 2848 reservo
669 2790 723 2848 tibi
743 2805 860 2865 novem,
889 2789 931 2848 da
959 2790 1033 2848 milit
1059 2789 1219 2848 decimam.
1268 2789 1302 2848 Si

225 2903 286 2948 non
310 2889 434 2949 dederis
449 2890 523 2949 nriln'
537 2890 699 2964 decimam,
725 2895 870 2966 auferam
891 2908 1016 2962 nooem;
1037 2893 1065 2950 si
1086 2891 1210 2951 dederis
1227 2890 1304 2950 milti

293 3089 306 3116 ⁸
324 3105 362 3150 oe,
381 3094 419 3151 ut;
438 3088 472 3153 M,
491 3103 550 3156 quo.
570 3119 601 3129 -
622 3079 634 3119 t
652 3091 684 3153 M,
703 3091 839 3156 adimples.

229 3225 687 3239 -—-—-0--—-——--—.-

298 3309 410 3361 ¹IC0r.
429 3309 486 3370 XV,
504 3312 545 3363 29.
585 3312 621 3361 De
643 3312 728 3363 verbis
755 3309 779 3362 ot
807 3311 996 3380 βαπτιζόμενοι
1023 3309 1090 3382 ὑπὲρ
1117 3316 1171 3363 τῶν
1195 3316 1301 3381 νεκρῶν

225 3396 355 3460 exegetica
382 3395 501 3444 disseruit
527 3395 569 3446 Dr.
592 3397 634 3462 Ilp
661 3396 688 3446 in
714 3396 847 3461 Tiibinger
872 3395 986 3462 theolog.
1009 3395 1201 3458 Quartalschrilt
1225 3398 1304 3455 1875,

224 3494 250 3544 p.
268 3480 318 3532 684
329 3494 384 3545 sqq.
402 3507 436 3516 -
457 3483 467 3516 ²
486 3479 520 3528 [le
542 3481 670 3546 baptismo
688 3487 713 3532 et
733 3483 885 3534 ceremoniis
908 3484 935 3533 in
953 3497 983 3533 eo
1005 3481 1158 3533 conterendo
1177 3481 1303 3533 adhibitis

224 3565 311 3616 confer
328 3579 431 3630 quoque
448 3566 670 3630 quaestiunculam
690 3567 829 3632 quandam,
854 3582 932 3634 quam
955 3569 1037 3633 reperi
1057 3572 1084 3620 in
1102 3568 1192 3619 eodem
1212 3567 1306 3618 codiee

225 3647 389 3714 Sangallensi
409 3654 564 3710 contentam,
582 3651 627 3716 qui
645 3653 671 3700 in
688 3651 788 3702 edendo
806 3652 856 3704 hoc
874 3667 949 3718 opere
968 3653 1021 3702 dux
1044 3651 1110 3702 mihi
1127 3653 1182 3714 luit,
1206 3665 1304 3716 quam·

225 3747 275 3797 que
292 3733 363 3784 haud
386 3735 522 3799 indignam
547 3735 634 3798 habui,
657 3751 735 3801 quam
758 3737 856 3802 publici
878 3739 940 3788 iuris
964 3739 1084 3788 lacerem.
1120 3736 1169 3788 Cir.
1188 3737 1302 3801 append.

225 3832 250 3866 n.
268 3816 296 3880 ll,
314 3834 340 3883 p.
361 3819 417 3871 tol.
436 3848 469 3856 -
489 3823 500 3857 ³
518 3818 566 3869 Hie
582 3819 671 3884 incipit
688 3818 794 3871 alterurn
814 3823 987 3886 fragmentum
1006 3822 1061 3873 eod.
1075 3821 1108 3873 ll.
1128 3851 1158 3859 —
1175 3827 1189 3868 t
1209 3819 1305 3874 Genes.

224 3900 293 3961 XIV,
311 3904 351 3953 20.
371 3931 403 3939 -
423 3907 433 3941 ⁵
452 3902 542 3957 Genes
560 3903 668 3967 XXVIII,
688 3908 728 3957 22.
747 3935 779 3942 -
800 3907 909 3958 ⁶Levit.
926 3907 1024 3970 XXVII,
1044 3909 1084 3959 30.
