2956 4766
605 376 819 436 ..53-

179 547 325 608 mandam
349 545 511 619 existimat,
536 547 610 623 quia
632 546 841 606 Romanorum
866 562 945 604 usus
968 544 1072 622 habet,
1097 545 1175 608 duas
1198 553 1249 609 rel

178 655 244 709 tres
267 650 421 710 interdum
447 651 540 709 unius
564 649 772 710 solemnitatis
795 648 898 707 lacere
926 647 1041 707 missas
1063 650 1148 707 utin
1173 651 1252 710 nati-

177 754 277 812 vitate
304 751 428 812 Domini
463 751 631 811 salvatoris
665 756 696 808 et
730 751 904 825 aliquorum
938 749 1026 810 lestis
1054 756 1250 827 sanctorum;

179 854 334 929 siquidem
365 851 609 927 Thelesphorus‚
643 867 745 912 nonus
779 853 808 909 in
846 851 954 911 ordine
984 868 1132 912 romanae
1165 853 1251 914 sedis

180 956 359 1032 episcopus,
389 956 420 1013 in
446 956 541 1014 natali
563 953 704 1012 Domini¹
730 958 824 1013 noctu
852 953 983 1012 missasa
1006 949 1157 1014 celebrari
1182 972 1251 1016 con-

179 1058 288 1118 stituit.
333 1057 372 1116 Et
392 1073 503 1118 revera
525 1074 586 1116 non
615 1071 687 1115 esse
710 1055 881 1113 absurdum
905 1054 1097 1125 crediderim,
1128 1057 1154 1115 si
1177 1057 1251 1118 dum

181 1161 286 1235 plures
316 1159 347 1218 in
374 1173 439 1218 una
467 1157 517 1214 die
549 1156 708 1216 faciendae
738 1162 810 1216 sunt
840 1157 963 1228 missae,
996 1173 1079 1216 unns
1103 1161 1251 1220 sacerdos

180 1262 261 1321 duas
277 1262 328 1320 vel
351 1267 415 1321 tres
432 1258 621 1319 necessitate
642 1260 692 1317 vel
709 1260 870 1318 voluntate
890 1261 1100 1334 persuadente
1117 1262 1253 1320 celebret

181 1365 286 1439 potius
304 1379 397 1439 quam
414 1361 569 1437 quasdam
587 1360 729 1422 dimittat.
763 1360 813 1418 Ad
830 1359 891 1420 hoe
906 1363 1033 1434 aceedit
1057 1363 1141 1438 quod
1158 1363 1251 1423 totius
1311 1373 1314 1378 '

182 1481 260 1525 usus
277 1463 431 1525 eeclesiae
447 1461 551 1533 habet,
576 1462 703 1538 saepius
719 1462 833 1521 missas
850 1479 943 1538 agere
961 1481 1017 1540 pro
1034 1465 1114 1524 vivis
1130 1462 1180 1523 etb
1194 1481 1252 1542 pro
1287 1510 1289 1515 .

182 1562 339 1627 defunctis
360 1581 416 1642 pro
442 1564 620 1626 elemosinis
637 1570 667 1623 et
683 1564 752 1624 aliis
770 1564 903 1625 diversis
920 1567 1034 1639 causis,
1058 1568 1142 1642 quod
1161 1568 1252 1626 etlam

183 1669 283 1728 officia
316 1666 366 1727 his
395 1666 543 1726 attributa
576 1672 740 1726 testantur.
784 1668 815 1725 ln
846 1668 956 1728 diebus
991 1670 1095 1745 itaque
1127 1668 1255 1746 publiea

183 1770 361 1830 celebritate
389 1770 566 1842 conspicuis
596 1774 648 1828 aut
675 1771 746 1829 illae
771 1770 965 1829 diversarum
987 1787 1092 1830 rerum
1115 1770 1254 1829 necessi-

182 1878 264 1932 tates
281 1877 354 1931 sunt
377 1871 625 1930 intermittendae
649 1878 703 1931 aut
718 1871 976 1932 concurrentibus
994 1871 1115 1930 sibimet
1128 1870 1254 1944 publica

184 1975 405 2034 observatione
429 1979 460 2031 et
487 1974 609 2047 privata
631 1974 820 2033 necessitate
842 1972 1005 2047 utriusque
1029 1973 1162 2046 expletio
1187 1973 1253 2031 suis

184 2083 233 2136 est
249 2076 456 2136 discernenda
472 2075 581 2134 ollieiis
595 2077 655 2146 vel,
672 2075 754 2149 quod
771 2075 916 2149 superius
930 2075 1252 2148 commemoravimus

182 2195 246 2238 nna
269 2178 425 2239 oblatione
455 2176 599 2236 diversae
628 2191 745 2235 causae
772 2182 846 2235 sunt
876 2176 1059 2251 explendae.
1102 2175 1251 2236 Fidelium

182 2279 332 2341 relatione
367 2280 505 2338 virorum
543 2279 573 2336 in
609 2284 748 2338 nostram
786 2294 889 2354 usque
923 2277 1067 2354 pervenit
1103 2277 1251 2351 notitiam,

182 2384 318 2442 Leonem
341 2396 465 2458 papam,
490 2379 571 2441 sicut
597 2381 665 2455 ipse
689 2381 852 2451 fatebatur,
883 2396 946 2438 una
973 2377 1038 2438 diec
1060 2379 1115 2436 Vll
1137 2381 1186 2439 vel
1210 2380 1251 2440 IX

184 2485 352 2542 missarum
384 2483 537 2543 solemnia
568 2481 694 2557 saepius
724 2483 918 2552 celebrasse,
952 2479 1145 2540 Boniiaeium
1176 2498 1253 2542 vero

183 2585 452 2660 archiepiscopum
477 2592 509 2645 et
530 2585 688 2644 martirem
712 2584 810 2642 semel
831 2590 950 2645 tantum
970 2598 1026 2659 per
1041 2584 1122 2642 diem
1140 2584 1253 2646 missas

184 2688 311 2759 iecisse,
341 2687 393 2763 qui
417 2693 448 2746 et
470 2704 531 2747 non
554 2688 647 2762 longe
677 2693 748 2746 ante
772 2692 881 2746 nostra
912 2686 1036 2745 luerunt
1057 2692 1200 2762 tempora
1222 2693 1254 2746 et

251 2855 264 2882 ²
281 2870 320 2914 oe,
338 2854 434 2906 habent
450 2859 500 2904 tres
518 2855 618 2914 missas,
642 2854 688 2905 sed
709 2869 832 2904 numerus
852 2858 931 2914 „tres‘
958 2858 1003 2903 est·
1016 2853 1148 2916 evidenter
1171 2858 1255 2918 poste·

181 2941 235 2990 rius
253 2937 430 3004 interpolatus.
465 2939 541 2991 Liber
558 2939 650 2989 Pontis.
674 2938 746 2988 dicit:
778 2937 842 2998 „Hie
859 2936 1054 3005 (Telesphorus)
1073 2939 1209 2998 constituit,
1228 2942 1256 2986 ut

181 3025 292 3075 natalem
319 3023 422 3073 Domini
447 3028 524 3075 noctu
550 3026 643 3075 missas
665 3022 875 3075 celebrarentur.“
918 3021 999 3072 Dueh.
1018 3021 1034 3082 l,
1056 3024 1112 3073 129.
1131 3050 1162 3058 -
1184 3005 1196 3046 ¹³
1216 3036 1254 3081 oe,

182 3125 233 3160 om.
252 3112 283 3159 et.
303 3137 334 3146 -
353 3107 364 3134 ⁰
383 3123 405 3167 c,
424 3125 474 3159 om.
494 3124 546 3158 una
564 3109 613 3160 die.

253 3248 261 3281 ¹
282 3243 386 3293 Festum
409 3244 546 3293 nativitatis
569 3243 672 3293 Domini
699 3259 714 3294 a
738 3241 883 3292 christianis
906 3241 1061 3292 celebratum
1088 3257 1153 3302 esse,
1179 3245 1255 3291 testes

181 3329 268 3380 seculo
286 3331 376 3394 quarto
401 3328 557 3392 antiquiores
579 3329 689 3379 inveniri
714 3343 766 3377 non
788 3330 904 3392 possunt.
938 3326 1053 3377 Primum
1073 3330 1256 3376 commemorat

182 3413 232 3464 hoc
249 3414 342 3463 festum
361 3411 496 3479 Depositio
513 3416 660 3479 martyrum
679 3429 699 3464 c.
714 3416 762 3464 336
782 3411 930 3478 composita,
948 3423 1014 3474 quae
1032 3409 1135 3460 exhibet
1153 3409 1185 3459 ad
1197 3408 1255 3458 Vlll

181 3497 237 3550 Kal.
257 3498 313 3548 lan:
343 3501 431 3558 „natus
450 3494 566 3546 Christus
588 3498 615 3547 in
637 3497 749 3548 Belleem
772 3496 888 3548 Iudeae.“
925 3493 1006 3545 Duch.
1025 3494 1068 3547 lib.
1088 3497 1157 3559 pont.
1175 3492 1193 3549 Ι,
1214 3495 1252 3544 11.

180 3581 336 3639 Ambrosius
354 3596 456 3648 quoque
473 3585 587 3641 testatur,
603 3587 717 3647 tempore
731 3582 827 3633 Liberii
844 3597 925 3647 papae
942 3577 1098 3649 (eta-366)
1121 3578 1189 3628 diem
1209 3592 1254 3626 na-

181 3666 258 3718 talem
286 3666 384 3718 domini
410 3667 462 3716 iam
485 3666 638 3716 celebratum
661 3681 717 3716 esse
739 3665 786 3733 (De
807 3667 919 3730 virginit.
939 3665 978 3727 lll,
999 3663 1032 3729 1),
1058 3663 1121 3713 dum
1149 3666 1255 3724 constat,

182 3751 273 3803 diebus
295 3749 418 3802 Clement.
436 3750 522 3811 Alex,
544 3749 570 3800 id
591 3755 628 3800 est
651 3751 723 3799 initio
741 3750 822 3800 seculi
842 3752 907 3800 tertii
926 3748 1070 3800 christianis
1093 3745 1164 3797 hunc
1185 3745 1254 3796 diem

182 3837 268 3888 adhuc
286 3838 404 3902 ignotum
419 3836 505 3888 luisse.
533 3834 582 3886 Cir.
595 3835 670 3885 etiam
687 3833 779 3886 Caesel
794 3834 866 3898 Paul,
879 3831 1077 3894 Weibneehten,
1095 3829 1256 3895 Ursprdnge‚

182 3922 298 3973 Br'duehe
316 3922 371 3971 und
388 3920 581 3985 Abergleuben.
616 3918 702 3970 Berlin
723 3920 796 3972 1861.
