2956 4766
560 366 772 426 ,61-

136 538 238 606 lium13
259 535 448 612 quodetiam
465 536 640 596 Damasusa
655 553 738 613 papa
755 536 793 595 ud
810 535 1020 596 Hieronimum
1039 535 1203 596 seribens2

135 653 212 712 pene
236 638 355 698 eisdem
371 638 478 698 verbis
499 638 640 698 ostendit.
684 637 723 696 Et
744 639 876 698 sortasse
900 638 929 696 in
955 635 1082 713 primisb
1104 637 1201 697 solius

134 737 218 798 Pauli
241 739 390 800 lectiones
414 756 452 800 eo
475 741 550 802 looic
573 739 765 813 legebantur,
792 744 905 813 postea
927 747 1032 800 autem
1056 740 1202 800 omnibus

134 839 236 926 latius¹
260 842 470 915 augmentatis
501 842 579 900 aliae
617 841 764 900 lectiones
794 857 855 900 non
886 847 1006 900 tantum
1039 841 1078 901 de
1109 857 1201 914 noro,

133 943 349 1003 verumetiam
367 945 529 1014 devetari,
554 947 645 1019 prout
663 941 813 1002 festorum
830 943 909 1002 ratio
926 942 1087 1018 poscebat,
1110 943 1203 1002 inter·

134 1045 244 1103 mixtae
269 1052 342 1104 sunt
364 1051 560 1106 testamento.

195 1146 260 1206 Neo
284 1148 394 1208 mirum
417 1148 516 1207 videri
538 1146 639 1218 debet,
663 1144 745 1219 quod
770 1143 916 1219 paulatim
934 1150 1025 1204 aucta
1039 1151 1204 1204 narrantur

135 1247 241 1322 officia,
272 1249 346 1308 dum
376 1249 479 1308 adhue
507 1248 605 1307 multa
632 1247 662 1304 in
694 1246 788 1306 rebus
812 1245 999 1306 necessariis
1023 1246 1202 1318 defuissent,

134 1363 200 1408 oum
223 1351 390 1410 rideamus
413 1366 514 1425 usque
540 1347 633 1408 hodie
657 1356 688 1407 et
710 1341 930 1408 collectionesd
953 1352 983 1406 et
1006 1349 1151 1410 collectas
1173 1354 1204 1406 et

133 1451 278 1512 diversas
306 1453 433 1512 laudum
461 1451 583 1527 speeies
616 1452 678 1512 iam
705 1465 785 1526 pene
809 1448 1036 1510 abundantibus
1059 1450 1203 1511 omnibus

133 1554 312 1628 superaddi,
335 1560 417 1613 utet
439 1555 470 1613 in
492 1553 553 1615 hoe
575 1554 650 1614 illud
674 1550 888 1628 propheticum
903 1551 1047 1610 rideatur
1069 1553 1203 1627 impleri:

126 1657 369 1728 pertransibunt
400 1658 533 1732 plurimi
569 1663 599 1714 et
634 1657 799 1729 ntultlplem
836 1655 896 1711 erit
930 1657 1088 1715 scientia.³
1141 1654 1204 1714 Sed

131 1756 303 1817 videndum
330 1763 386 1828 est,
410 1759 490 1817 siout
512 1756 622 1816 beatus
639 1755 833 1829 Augustinus
851 1755 901 1824 ait,
925 1761 956 1812 ut
979 1771 1017 1814 ea
1034 1762 1204 1830 cantentur,

133 1872 210 1932 quae
236 1859 281 1919 ita
304 1860 419 1933 seripta
435 1863 517 1930 sunt,
541 1872 621 1932 quae
638 1861 742 1914 autem
766 1872 826 1914 non
852 1859 894 1914 ita
909 1857 1025 1929 scripta
1041 1863 1122 1930 sunt,
1144 1875 1205 1919 non

132 1967 320 2021 contentum
363 1960 572 2034 Responsoriu
589 1964 620 2016 et
635 1959 782 2032 Alleluia,
808 1972 889 2032 quae
912 1965 984 2016 ante
1007 1962 1205 2034 evangelium

133 2065 308 2132 cantantur,
322 2060 432 2119 deinde
448 2059 594 2118 adiuncta
608 2059 762 2131 ridentur,
779 2064 945 2134 postquam
963 2060 1152 2136 antiphonae
1166 2063 1204 2121 ad

133 2154 1205 2236 ingressumdieiooeperuntf,quaeatridenturprohibitacanonihus

134 2260 354 2339 Hispanorum,
377 2263 427 2340 qui
446 2263 539 2335 longo
555 2268 625 2335 post
643 2268 778 2338 tempore
795 2269 867 2322 sunt
890 2263 1057 2322 constituti.
1092 2267 1122 2324 In
1147 2265 1205 2324 illis

135 2365 215 2426 enim
236 2365 368 2442 iubetur,
384 2381 422 2424 ne
438 2364 549 2439 aliquis
563 2380 676 2438 ymnus
689 2365 768 2423 inter
780 2366 943 2424 lectionem
957 2366 1165 2440 apostolicam
1177 2373 1208 2424 et

135 2468 333 2544 evangelium
357 2465 519 2527 inordina
544 2467 658 2525 missae
685 2472 834 2541 ponatur;
865 2484 904 2527 ex
927 2483 990 2542 quo
1014 2468 1211 2543 intellegitur,

135 2569 186 2626 ida
209 2569 334 2644 aliquos
351 2572 528 2644 temptasse
545 2573 619 2627 tuno
640 2568 797 2641 temporis,
820 2570 878 2629 sed
901 2575 1026 2645 propter
1041 2551 1226 2630 novitatem

137 2671 178 2727 rei
203 2669 344 2731 studium
369 2686 478 2731 eorum
502 2669 641 2729 nondum
668 2669 765 2729 luisse
788 2683 807 2730 a
830 2672 1020 2747 quibusdam
1043 2679 1211 2748 receptum,

138 2774 220 2846 quod
250 2777 354 2832 tamen
382 2777 493 2846 postea
522 2785 581 2829 usu
606 2788 735 2831 romano
758 2775 1009 2835 commendatum
1039 2775 1079 2833 ad
1101 2790 1211 2834 onmes

138 2869 316 2934 Latinorum
355 2875 495 2947 pervenit
533 2873 692 2934 eeclesias.
753 2875 928 2950 Symbolum
972 2891 1099 2952 quoque
1140 2876 1212 2935 fidei

140 2975 313 3035 catholicae
343 2981 427 3034 reete
451 2977 480 3034 in
511 2976 678 3035 missarum
706 2977 864 3036 solemniis
895 2975 988 3054 posth
1017 2979 1209 3052 evangelium

140 3084 332 3148 recensetur,
357 3085 390 3134 ut
414 3094 469 3153 per
492 3085 634 3137 sanctum
656 3079 852 3152 evangelium
878 3080 973 3139 eorde
997 3082 1149 3140 credatur
1171 3082 1214 3140 ad

141 3178 297 3254 iustitiam,
323 3194 378 3254 per
401 3179 577 3254 symbolum
605 3185 707 3238 autem
731 3197 787 3239 ore
809 3176 959 3258 confessio
979 3184 1039 3253 siut
1060 3176 1106 3240 lai
1127 3185 1213 3241 sulu-

205 3346 219 3372 ²
237 3361 279 3405 oe,
302 3352 404 3396 sanetus
423 3345 497 3396 Dam.
514 3374 548 3382 —
568 3334 580 3373 δ
599 3345 637 3408 M,
662 3347 788 3411 inprimis.
807 3375 840 3384 -
858 3347 869 3374 ⁰
888 3363 930 3408 ue,
952 3346 1015 3399 loco.
1035 3377 1066 3385 -
1086 3334 1101 3374 ‘¹
1118 3347 1171 3411 Ml,
1189 3353 1213 3398 et

139 3427 201 3493 mlh,
221 3430 349 3481 lectiones.
374 3459 406 3467 —
431 3429 526 3492 ⁰mlh,
544 3435 572 3481 ut
589 3446 619 3481 ea
638 3436 781 3496 cantentur,
806 3448 870 3498 quae
894 3434 988 3497 scripta
1010 3439 1081 3495 sunt,
1103 3438 1130 3483 ut
1152 3448 1211 3484 oan-

137 3512 230 3566 lentur.
249 3543 281 3552 —
300 3501 311 3542 l
327 3531 367 3577 oe,
379 3515 547 3579 exspirarunt,
566 3515 628 3566 dum
648 3515 680 3578 M,
700 3532 802 3582 quoque
820 3517 879 3569 exh.
892 3523 1041 3585 coeperunt.
1054 3547 1085 3554 -
1101 3516 1116 3557 3
1133 3517 1164 3578 M,
1180 3523 1212 3568 et.

141 3584 202 3632 -h
224 3598 270 3660 lm,
289 3616 341 3650 om.
360 3605 424 3666 post.
442 3628 477 3636 -
495 3586 503 3626 ¹
522 3616 560 3662 oe,
579 3599 624 3666 ad3
644 3600 682 3650 Μ1
700 3602 734 3654 flt.

213 3751 289 3804 1Csr.
308 3768 384 3818 supra
402 3769 426 3818 p.
446 3753 478 3804 56
502 3757 552 3804 not.
572 3755 595 3804 2.
614 3782 647 3790 —
667 3756 677 3791 ²
694 3754 823 3819 Epistolae
844 3755 944 3804 Damasi
967 3769 1047 3818 papae
1071 3752 1103 3804 ad
1122 3752 1212 3804 Hiero·

142 3846 252 3900 nymum
276 3839 383 3902 scriptae
404 3839 456 3888 fere
475 3853 564 3888 omnes
582 3838 745 3905 apocryphae
768 3845 833 3890 sunt.
869 3838 918 3890 Cir.
936 3838 1015 3901 Jafl‘e',
1036 3839 1146 3903 Regesta
1163 3839 1211 3891 ΡΡ.

143 3915 195 3973 RR.
214 3925 237 3974 2.
256 3923 295 3974 ed.
314 3939 339 3988 p.
358 3924 402 3984 29;
422 3931 446 3973 et
463 3923 529 3973 inira
545 3939 604 3988 pag.
624 3924 656 3974 70
675 3929 727 3975 not.
745 3927 769 3975 3.
789 3954 819 3962 -
841 3929 851 3961 ³
870 3923 932 3975 Dan.
952 3923 1007 3982 XII,
1026 3927 1050 3976 4.
