2956 4766
576 355 786 416 ..71-

152 523 234 581 nullo
257 529 396 600 tempore
420 529 490 583 ante
512 521 610 582 horae
625 524 734 584 tertiae
750 539 877 584 cursum
899 525 982 588 ullus
1006 535 1218 601 praesumeret

152 625 267 684 missas
302 625 478 702 celebrare,
511 641 575 701 qua
608 625 684 686 bora
716 626 866 687 Dominus
901 635 1007 688 noster
1044 629 1216 690 secundum

107 716 109 723 ’
153 727 248 786 Marci
261 728 457 802 evangelium
471 730 480 770 ¹
493 727 658 788 crucifixus
670 731 829 789 asseritur.
854 729 935 788 Inter
945 727 1024 789 haec
1037 731 1217 804 notandum,

150 845 250 904 neque
278 830 478 890 ieiunandum
510 831 539 888 in
571 831 733 890 dominicis
761 839 791 890 et
817 829 904 891 lestis
934 830 1118 901 maioribus,
1147 831 1217 891 ubia

150 947 210 991 non
241 932 324 1006 cogit
350 934 541 1009 necessitas,
571 933 651 991 sicut
680 938 711 992 et
734 947 870 994 canones
897 933 1077 1003 ostendunt,
1107 935 1216 992 necin

150 1033 261 1096 diebus
300 1035 482 1095 ieiuniorum
518 1036 570 1094 vel
606 1049 742 1109 unquam
781 1041 852 1110 post
888 1035 1047 1096 meridiem
1087 1052 1215 1111 ymnum

146 1138 334 1212 angelicum,
365 1137 396 1196 id
424 1144 472 1197 est
497 1137 604 1197 Gloria
628 1138 659 1194 ln
681 1138 814 1196 excelsis
835 1137 900 1197 Deo
930 1140 979 1197 vel
1003 1137 1141 1200 Alleluia
1170 1138 1216 1197 di-

147 1241 297 1314 cendum,
326 1241 383 1299 nisi
412 1241 442 1298 in
470 1237 593 1298 duobus
622 1237 761 1298 sabbatis
791 1237 927 1311 paschae
950 1244 979 1300 et
1008 1245 1215 1315 pentecostes

147 1358 228 1416 quae
252 1343 443 1418 specialibus
467 1337 624 1417 mysteriis
648 1339 847 1400 adornantur.

581 1547 601 1554 ·-=-
614 1547 783 1555 -‚------—.—

610 1701 612 1706 ’
625 1700 734 1770 XXV.

411 1872 463 1939 De
489 1872 578 1938 cusis·
604 1875 639 1938 el
662 1869 805 1938 oeslt'bus
829 1871 949 1936 saorla

208 2071 297 2132 Vasa
318 2089 455 2149 quoquc,
479 2074 593 2150 quibus
619 2073 785 2146 praecipue
808 2079 915 2131 nostra
934 2077 1131 2131 sacramenta
1154 2071 1210 2129 im-

144 2183 303 2247 ponuntur
331 2182 361 2235 et
390 2182 627 2248 consecrantur,
656 2175 768 2234 calices
792 2179 864 2232 sunt
887 2179 917 2232 et
940 2153 1079 2249 patenae.
1124 2172 1211 2234 Calin

145 2277 256 2336 dicitur
279 2293 298 2337 a
321 2293 446 2354 graeco,
470 2276 552 2352 quod
577 2273 645 2336 estb
661 2275 757 2349 κῦλιξ;
780 2281 925 2347 patenaa
946 2275 1104 2352 patendo²‚
1128 2275 1209 2351 quod

143 2411 347 2418 fi.—

145 2478 150 2488 '
211 2476 223 2502 ⁸
242 2493 278 2539 m,
297 2477 341 2526 uti.
362 2503 392 2513 -
414 2465 426 2504 ¹³
445 2491 482 2539 oe,
501 2491 515 2525 a
533 2491 624 2540 graeco
643 2477 755 2527 nomine.

144 2645 248 2699 Damasi
271 2663 336 2712 pape
360 2648 430 2699 urbis
453 2648 550 2698 Romae
574 2663 588 2696 a
611 2648 769 2714 Hieronymo
793 2647 950 2713 presbytero.
994 2645 1081 2697 Frater
1104 2651 1128 2698 el
1149 2662 1209 2697 con-

143 2732 276 2799 presbyter
294 2737 378 2782 noster
396 2732 565 2798 Hieronymo!
589 2732 652 2797 quid
674 2732 718 2783 tibi
744 2732 845 2783 videtur
866 2730 957 2782 dedic
974 2737 1061 2782 sancto
1079 2732 1210 2783 dominico

142 2818 252 2880 qualiter
270 2815 406 2868 sollemnia
425 2819 562 2868 missarum
580 2833 656 2882 agere
674 2817 798 2869 debemus
810 2821 853 2866 aut
865 2815 897 2868 de
908 2816 966 2867 aliis
977 2816 1075 2878 diebus,
1087 2815 1171 2882 qualis
1180 2815 1212 2884 (l)

143 2900 212 2953 horis
230 2907 269 2955 est
286 2903 385 2953 licitum
403 2899 549 2960 celebrare?
575 2903 650 2967 Resp.
669 2903 773 2953 Hieron.
804 2902 910 2952 Domine
927 2906 951 2951 et
968 2900 1116 2952 dulcissime
1128 2903 1211 2965 pater!

142 2986 187 3037 tibi
205 2989 301 3040 veritas
319 2989 425 3038 minima
442 2993 479 3038 est
497 2988 622 3039 absconsa
645 2988 746 3054 synodo
765 2987 849 3037 niceni
866 2986 974 3037 concilii
986 3001 1045 3037 cum
1062 2988 1111 3038 318
1128 2989 1210 3048 patres

142 3072 253 3134 qualiter
275 3072 344 3138 apud
366 3075 436 3138 ipsos
459 3076 666 3136 ostimentum,
689 3072 761 3138 quod
782 3071 809 3121 in
833 3071 874 3122 die
896 3070 1025 3121 dominico
1048 3070 1136 3121 nullus
1154 3074 1210 3134 post

143 3153 233 3208 horum
247 3157 298 3209 diei
309 3160 407 3209 tertiam
420 3159 558 3210 sollemnia
573 3160 709 3210 missarum
722 3172 798 3222 agere
810 3161 941 3220 presumat
951 3161 975 3207 et
987 3155 1209 3216 denuntiaverunt,

143 3242 212 3304 quod
230 3244 275 3308 qui
293 3249 431 3308 presumat,
449 3245 586 3296 anathema
603 3247 643 3308 sit,
662 3251 686 3294 et
703 3243 760 3293 aliis
778 3257 838 3292 vero
856 3240 947 3294 diebus
964 3240 997 3290 V.
1015 3239 1058 3290 Vl.
1075 3239 1129 3289 Vll.
1142 3235 1208 3290 Vlll.

143 3322 206 3376 hora
227 3342 279 3378 non
302 3328 462 3379 celebrentur
483 3330 620 3381 sollemnia
642 3315 791 3387 missarum,
813 3324 877 3376 alias
899 3341 960 3376 vero
982 3324 1030 3376 has
1047 3324 1146 3376 licitum
1164 3327 1210 3378 est.

143 3406 213 3474 Papa
231 3413 306 3463 dixit:
325 3418 418 3467 rectum
438 3421 483 3476 esi,
502 3415 572 3479 quod
590 3414 700 3464 dixisti.“

214 3501 223 3534 ¹
244 3497 318 3548 Marc.
336 3497 391 3562 XV,
405 3501 445 3551 25.
464 3497 496 3568 ἠν
513 3497 541 3550 δὲ
561 3499 618 3569 ὥρα
636 3495 723 3567 τρίτη,
741 3497 787 3548 καὶ
808 3494 978 3564 lorodporcau
996 3492 1086 3546 αὐτόν.
1111 3493 1208 3546 Secun-

144 3575 205 3629 dum
233 3581 353 3634 loannem
378 3583 450 3647 (XIX,
465 3587 506 3648 ll)
534 3585 615 3636 stabat
640 3583 709 3634 lesus
736 3582 800 3633 hora
825 3585 896 3632 sexta
921 3581 948 3630 in
975 3579 1099 3644 praetorio
1124 3577 1207 3629 Pilati.

145 3659 212 3715 Haec
230 3665 373 3717 differentia
391 3667 461 3718 haud
474 3668 577 3720 difficile
589 3667 735 3720 concordari
748 3670 835 3730 potest.
853 3693 886 3702 -
906 3667 916 3701 ²
935 3664 988 3714 Hoc
1000 3677 1102 3729 quoque
1115 3677 1208 3717 nornen

144 3751 235 3801 rectius
254 3768 269 3802 a
291 3767 382 3816 graeco
406 3751 517 3803 derivari
539 3758 632 3818 polest,
655 3750 761 3818 πατάνη
779 3775 814 3792 =
831 3749 930 3814 patella.
967 3748 1001 3799 lle
1018 3747 1209 3812 Archaeologia

144 3832 229 3886 calicis
251 3843 275 3887 et
296 3842 401 3902 patenae
422 3838 468 3889 cir.
493 3837 592 3900 Haleis,
619 3839 737 3900 Beitriige
756 3836 788 3899 ll,
808 3850 832 3898 p.
852 3837 901 3886 322
911 3847 966 3898 sqq.
1011 3832 1105 3895 iturus,
1133 3831 1208 3883 Recl-

145 3913 347 3987 Encyclopaedie
366 3939 385 3973 s.
404 3939 428 3974 v.
447 3922 534 3987 Keleh‚
553 3923 647 3974 Patene
664 3923 692 3986 ll,
708 3921 764 3972 ldl.
778 3923 835 3972 595.
