2896 4828
702 337 911 398 „20-

277 509 307 569 id
342 515 390 568 est
421 507 607 567 theotiscum
642 522 814 567 sermonem
846 505 1016 576 habuerint,
1035 499 1090 576 et,
1124 510 1157 563 ut
1189 503 1375 566 historiae

277 617 438 681 testantur,
461 609 657 684 postmodum
676 609 811 669 studiosi
833 609 914 667 illius
930 606 1031 681 gentis
1046 605 1170 666 divinos
1192 607 1310 667 libros
1339 608 1374 666 in

279 727 355 777 suae
383 711 547 772 locutionis
577 711 795 787 proprietatem
824 708 1047 778 transtulerint,
1079 724 1211 783 quorum
1241 708 1372 768 adhuc

280 819 479 874 monumenta
499 813 581 888 apud
603 814 766 873 nonnullos
789 810 975 885 hahentur¹;
998 816 1029 868 et
1049 808 1186 869 fidetium
1211 811 1368 870 fratrum

279 916 429 975 relatione
466 915 642 988 didicimus,
687 914 771 990 apud
808 912 960 988 quasdam
999 911 1184 986 Scytharum
1222 919 1366 986 gentes,

280 1015 413 1077 maxime
450 1017 666 1086 ThomitanoS‚
706 1016 816 1076 eadem
856 1014 1011 1074 locutione
1048 1013 1152 1074 diviua
1187 1013 1364 1074 haetenus

280 1119 429 1178 celebrari
453 1119 559 1181 cilicia.
603 1120 669 1177 Hae
692 1124 795 1199 autern
819 1116 1041 1192 permixtiones
1067 1123 1098 1174 et
1119 1116 1362 1175 translationes

278 1222 447 1281 verborum
481 1222 509 1279 in
544 1220 686 1282 omnihus
727 1219 838 1295 linguis
872 1223 936 1278 tam
969 1218 1154 1294 multiplices
1188 1223 1278 1288 sunt,
1323 1225 1360 1276 ut
1422 1225 1423 1308 l

282 1323 401 1396 propria
428 1323 619 1396 singularum
648 1323 707 1381 iam
739 1336 798 1378 non
828 1320 888 1379 sint
917 1336 996 1397 pene
1028 1321 1116 1396 plura
1147 1335 1241 1394 quarn
1277 1335 1358 1378 cum
1422 1337 1423 1382 3

281 1425 348 1484 aliis
372 1425 546 1484 communia
568 1426 618 1483 vel
641 1423 679 1482 ab
703 1421 771 1482 aliis
794 1423 951 1482 translata.
1422 1409 1423 1422 ¹

765 1796 852 1865 Vlll.

556 1953 617 2036 Da
634 1967 830 2056 theotardus
856 1970 891 2034 et
906 1966 1065 2056 picturis.
1145 1987 1147 1992 ’

345 2168 431 2227 Nunc
453 2167 513 2228 iam
529 2168 567 2226 de
590 2167 775 2242 imaginihus
791 2174 822 2228 et
843 2168 981 2244 picturis
1006 2166 1117 2240 quihus
1134 2168 1231 2230 decus
1246 2169 1343 2230 eecle-

282 2271 400 2332 siarum
434 2274 589 2345 angorum,
625 2271 757 2330 dicenda
790 2276 862 2331 sunt
895 2271 1007 2345 aliqua.
1063 2269 1139 2343 Quia
1172 2278 1203 2331 et
1237 2287 1332 2331 aarum

280 2372 416 2431 varietas
447 2386 505 2431 nec
538 2372 672 2444 quodam
704 2375 786 2434 cultu
820 2365 1024 2433 immoderato
1056 2372 1188 2435 colenda
1220 2379 1268 2442 est,
1298 2376 1333 2428 ut

284 2472 471 2548 quibusdam
499 2473 599 2532 stultis
626 2474 760 2546 videtur,
787 2475 985 2556 neoliterum
1013 2472 1199 2550 speciositas
1229 2478 1263 2536 ita
1287 2477 1336 2532 est

284 2573 420 2649 quodam
444 2573 592 2648 despectu
616 2577 771 2648 calcanda,
795 2583 830 2637 ut
853 2577 979 2654 quidam
1001 2575 1146 2635 vanitatis
1170 2581 1336 2635 assertores

283 2676 470 2737 existimant.
519 2676 593 2749 Quis
628 2680 707 2737 enim
742 2696 849 2740 sanum
886 2681 1021 2755 sapiens,
1057 2683 1164 2736 contra
1198 2678 1226 2736 id
1261 2676 1337 2752 quod

217 2845 220 2850 ,
283 2777 429 2853 scriptum
465 2782 524 2836 est:
560 2778 720 2839 Dominum
751 2782 840 2838 deum
868 2787 951 2839 tuum
980 2780 1127 2838 adorabis
1158 2785 1189 2838 el
1214 2780 1261 2837 illi
1283 2780 1340 2836 soli

281 2879 433 2951 servies²;
462 2885 492 2938 et
514 2880 636 2940 iterum:
659 2882 740 2941 'Non
765 2884 868 2958 facies
896 2883 950 2942 tibi
972 2897 1088 2941 omnem
1115 2881 1337 2939 similitudinem

282 2998 398 3056 eorum,
416 2998 497 3056 puae
511 2985 543 3042 in
559 2987 645 3044 coeto
662 2988 711 3044 cel
721 2986 753 3043 r‘n
769 2991 855 3043 terra
867 2987 915 3042 uel
926 2985 957 3041 ln
974 2986 1063 3057 aquis
1073 2983 1128 3042 sub
1145 2989 1231 3042 terra
1243 2983 1335 3055 santi,

351 3148 364 3176 ³
382 3149 428 3210 tlt,
446 3153 577 3213 augeatur.

356 3306 364 3338 ¹
383 3300 431 3352 Cir.
450 3300 597 3352 Massmann
615 3301 645 3352 H.
663 3301 699 3364 tt,
726 3301 768 3352 Die
786 3300 821 3350 hl.
841 3299 935 3351 Sehriit
952 3301 996 3352 des
1014 3302 1047 3352 A.
1066 3300 1120 3350 und
1137 3299 1168 3350 N.
1187 3301 1335 3350 Testamenta
1424 3333 1425 3336 =

227 3423 229 3429 ,
284 3385 311 3435 in
332 3383 481 3449 gothischer
502 3383 614 3449 Sprache
637 3385 684 3434 mit
702 3385 806 3450 griech.
829 3385 883 3436 und
906 3384 948 3437 lat
966 3386 1037 3449 Text,
1061 3385 1265 3449 Anmerhungen
1286 3383 1333 3434 und

285 3467 464 3521 Wdrterbuch.
488 3469 610 3534 stuttgart
628 3471 701 3522 1856.
719 3498 752 3507 -
772 3472 783 3506 ²
800 3469 873 3522 Dent.
884 3471 929 3535 Vl,
944 3474 982 3524 13.
1003 3471 1157 3533 „Dominum
1174 3469 1255 3520 Deum
1269 3475 1334 3518 tuum
1424 3495 1425 3500 =

284 3553 386 3606 timebis
403 3558 427 3604 el
445 3554 483 3604 illi
501 3552 550 3605 soli
567 3553 687 3605 servies.“
710 3554 797 3606 Matth.
808 3553 850 3619 IV,
861 3558 900 3609 10.
929 3556 1082 3618 „Dominum
1094 3555 1175 3605 Deum
1192 3558 1263 3604 tuum
1279 3553 1333 3603 ado·

285 3639 352 3690 rabis
368 3636 576 3707 (προςκυνήσεις)
597 3642 622 3689 et
643 3637 683 3688 illi
705 3640 753 3690 soli
774 3642 893 3692 servies.“
930 3640 979 3692 Cir.
1001 3639 1121 3702 Luc.1V‚
1140 3641 1163 3691 8.
1183 3665 1217 3679 -·-
1236 3637 1332 3688 ³huod.

284 3721 337 3786 XX,
349 3727 372 3776 4.
401 3722 473 3785 „Non
491 3724 568 3775 facies
585 3723 631 3775 tibi
649 3724 774 3789 sculptile,
793 3740 876 3790 neque
893 3740 987 3776 omnen
1005 3723 1208 3787 similitudinem,
1227 3727 1332 3788 quaeest

285 3808 312 3857 in
335 3807 406 3858 coelo
428 3808 545 3873 desuper,
568 3813 675 3874 atquae
697 3810 807 3861 interra
831 3810 959 3873 deorsum,
976 3825 1023 3860 nee
1039 3825 1137 3872 eorum,
1155 3823 1221 3875 quae
1243 3809 1331 3858 suntin

285 3892 358 3956 aquis
376 3892 430 3943 sub·
441 3897 529 3944 terra.“
