2896 4828
676 437 888 498 ,36-

248 607 299 665 vel
328 606 475 666 ornandis
503 607 602 666 sacris
632 607 781 666 aediliciis
812 623 936 667 summa
964 610 1113 670 sanctitas
1142 616 1241 680 esset,
1265 611 1317 670 de-

249 709 384 768 buerunt
406 710 576 768 earundem
600 709 822 770 studiosissimi
846 726 950 769 rerum
974 713 1052 783 aliis
1075 712 1128 786 qui
1151 711 1253 772 minus
1270 711 1317 771 iris

248 809 398 871 faciendis
421 811 605 881 institerunt,
628 813 808 871 meritorum
837 813 1028 886 praeminere
1057 813 1210 872 distantia.
1255 814 1317 874 Sed

250 913 323 989 quia
353 915 500 989 legimus,
529 915 676 988 Moysen,
699 914 890 974 tabernaculi
916 922 1115 986 structorem,
1144 916 1183 974 ad
1206 931 1317 992 aquam

250 1022 356 1075 contra
378 1014 521 1077 dictionis
544 1018 728 1078 Dominuma
751 1015 947 1089 offendisset
971 1018 1133 1078 etidcirco
1150 1019 1187 1076 ad
1204 1025 1316 1078 terram

249 1119 500 1192 repromissionis
530 1136 589 1179 non
625 1120 825 1195 pervenisse3
861 1119 1058 1181 Salomonem
1092 1136 1219 1196 quoque
1249 1128 1319 1195 post

248 1220 438 1295 singularem
476 1221 582 1297 templi
622 1221 769 1280 mirabilis
806 1224 1033 1282 extructionem
1066 1224 1230 1282 mulierum
1270 1238 1317 1282 sc-

248 1323 375 1383 ductum
400 1338 506 1382 amore
530 1323 650 1381 Domini
673 1323 841 1382 incurrisse
865 1322 1042 1395 offensane,
1064 1325 1148 1384 unde
1172 1331 1203 1384 ct
1231 1325 1317 1400 regni

250 1429 381 1483 eatenus
413 1424 488 1484 uniti
523 1426 663 1500 potentia
691 1441 709 1482 a
737 1424 857 1483 semine
885 1426 955 1484 eius·
980 1427 1126 1497 discissa,
1161 1428 1191 1486 in
1226 1427 1316 1486 aliam

248 1526 362 1585 tribum
391 1527 565 1601 perniciosa
593 1527 745 1587 divisione
774 1527 884 1602 partim
914 1529 1085 1599 concessit,
1108 1529 1316 1604 intellegimus

248 1633 279 1686 et
305 1627 387 1686 omni
413 1631 590 1704 postposita
619 1628 777 1687 dubietate
806 1630 948 1702 latemur,
982 1631 1023 1689 ita
1056 1633 1316 1691 constructionem

248 1743 409 1788 sacrarum
440 1730 562 1789 aedium
594 1747 633 1789 ex
664 1731 811 1806 religiosa
846 1732 1013 1808 devotione
1048 1733 1250 1803 laudandam,
1283 1739 1318 1791 ut

247 1836 352 1889 tamen
375 1831 517 1904 virtutes,
534 1849 615 1907 quae
632 1840 705 1893 sunt
721 1834 875 1916 spiritales
893 1841 1070 1895 structurae
1087 1839 1117 1892 et
1132 1834 1315 1904 animarum,

248 1932 278 1990 in
308 1931 421 2009 quibus
447 1933 529 1993 Deus
556 1933 689 2006 habitat,
717 1943 899 1995 ornamenta
927 1936 1090 2013 perennia,
1112 1934 1162 1994 his
1185 1937 1315 1994 multum

246 2037 413 2114 praelatas
436 2037 509 2109 quia
535 2045 659 2096 terrena
686 2045 885 2110 ornamenta,
909 2038 1101 2115 quantalibet
1123 2037 1317 2099 formositate

247 2137 418 2212 fingantur,
452 2139 521 2197 sine
554 2139 721 2200 virtutibus
749 2140 814 2200 Deo
846 2141 1008 2200 vilescunt.
1063 2139 1204 2199 Virtutes
1233 2157 1317 2210 vern,

248 2255 327 2316 quas
355 2246 386 2299 et
408 2240 436 2298 in
465 2241 586 2314 angelis
614 2242 680 2301 suis
709 2242 819 2316 diligit,
848 2242 940 2301 etiam
964 2243 1031 2301 sine
1056 2241 1207 2300 materiali
1232 2257 1316 2300 conr-

159 2369 160 2372 *
200 2319 205 2327 ¹
246 2341 400 2416 positione
443 2355 570 2418 semper
611 2342 669 2402 sibi
707 2345 829 2417 placere
873 2345 1080 2412 demonstrat,
1118 2343 1224 2400 dicens
1261 2355 1317 2416 per

249 2443 420 2514 Michaeam
455 2442 655 2520 prophetam:
689 2445 857 2517 „Indicabo
890 2445 952 2512 tibi,
986 2459 1004 2501 o
1032 2444 1138 2502 bomo!
1172 2442 1247 2518 quid
1278 2445 1318 2500 stt

248 2548 370 2620 bonum,
394 2550 426 2604 et
447 2546 522 2618 quid
535 2545 681 2605 Dominus
701 2545 853 2622 anaarath
869 2565 889 2605 n
913 2553 958 2604 te:
982 2547 1088 2618 utique
1099 2547 1214 2620 facere
1237 2547 1315 2604 ludt-

247 2650 329 2706 ct'um
353 2653 384 2705 et
405 2647 537 2718 diripere
559 2649 805 2708 misericordium
828 2656 859 2708 ct
872 2649 1039 2707 sollicitum
1061 2648 1224 2709 ambulare
1247 2663 1314 2706 cum

248 2751 311 2810 Deo
329 2750 425 2808 tuo.“3
452 2747 543 2807 Unde
560 2751 675 2808 multos
691 2756 873 2810 sanctorum
889 2755 920 2808 et
933 2757 1005 2808 ante
1021 2764 1112 2806 usum
1128 2750 1315 2825 templorum

247 2867 407 2911 sacrorum
436 2849 501 2909 Deo
530 2851 715 2923 placuisses,
749 2851 828 2912 alios
854 2867 945 2921 vero,
972 2855 1139 2926 postquam
1166 2849 1231 2910 Deo
1260 2866 1317 2926 per
1354 2850 1356 2855 ’

248 2954 317 3013 loca
353 2952 478 3012 diversa
514 2955 692 3013 sanctuaria
729 2961 804 3014 sunt
839 2953 1019 3023 constituta,
1056 2952 1086 3010 in
1121 2951 1253 3012 desertis
1285 2960 1316 3012 et

248 3054 465 3130 squalentibus
486 3055 562 3115 locis
583 3061 810 3116 commorantes
831 3055 948 3115 scimus
965 3053 1167 3130 omnipotenti
1184 3054 1314 3113 Domino

247 3157 325 3216 solis
347 3157 513 3218 virtutibus
536 3157 696 3219 militasse.

315 3392 328 3420 ³
345 3407 379 3455 m,
399 3393 508 3442 Domini.
523 3421 553 3429 -
568 3378 580 3418 ¹³
599 3391 645 3454 M1,
657 3393 768 3457 requirat
777 3397 804 3442 ut
813 3390 890 3442 habet
900 3391 979 3456 Vulg.
990 3390 1047 3429 —0
1066 3406 1103 3453 oe,
1116 3389 1243 3455 placuisse
1252 3391 1314 3441 Dec.

319 3613 423 3665 rtrum.
441 3612 497 3676 xx,
511 3615 549 3676 12,
564 3615 602 3664 13.
623 3642 655 3652 -
678 3615 688 3650 2
707 3613 736 3662 m
749 3613 811 3676 aeg.
824 3612 864 3676 xr,
879 3616 890 3665 1
903 3627 958 3678 sqq.
977 3640 1010 3648 -
1029 3614 1039 3648 ³
1058 3610 1133 3663 men.
1152 3611 1195 3673 vr,
1208 3613 1231 3662 a.
