2956 4766
677 349 888 409 ..gg..

251 519 280 578 in
306 517 537 582 consecratione
568 517 789 604 sacrificiorum
823 525 985 595 assumpta
1009 526 1065 588 est,
1089 519 1118 577 in
1142 520 1319 593 expletione

251 621 392 680 eiusdem
415 619 649 680 sacratissimae
677 620 806 680 actionis
830 620 922 694 digne
946 621 1081 695 ponitur,
1105 627 1138 680 ut
1161 618 1335 696 perhanc

251 723 404 799 purificati
436 722 489 798 qui
518 721 773 782 communicaturi
807 725 895 790 sunt,
925 736 1006 796 quae
1039 726 1149 780 sancte
1178 722 1321 782 confecta

252 832 325 884 sunt
354 824 444 898 digne
480 824 519 882 ad
555 825 688 884 salutem
722 837 831 882 veram
863 823 1042 897 percipiant.
1098 824 1212 883 Pacem
1247 829 1320 884 ante

252 926 499 987 communionem
535 925 603 984 dari
636 925 831 986 Innocentius
868 939 951 1000 papa
984 920 1137 986 decretis³
1171 924 1237 986 suis
1276 926 1321 984 in-

253 1029 364 1099 stituit,
392 1028 508 1088 scilicet
537 1034 583 1097 ut,
612 1027 694 1102 quod
718 1027 746 1085 in
771 1027 908 1087 oratione
937 1032 1047 1086 sancta
1070 1026 1129 1088 sub
1153 1028 1322 1103 sponsione

253 1129 447 1213 remissionis
475 1129 713 1205 praemittimus,
743 1135 871 1206 pacatos
901 1144 959 1188 nos
982 1130 1050 1203 ipso
1075 1145 1170 1206 opere
1193 1129 1322 1196 demon·

255 1237 397 1294 stremus.
421 1231 526 1305 Appos
548 1231 606 1290 Dei
627 1231 656 1289 in
681 1231 886 1292 contractione
910 1232 1049 1304 corporis
1066 1231 1189 1290 Domini
1203 1248 1223 1292 a
1239 1232 1322 1291 clero

254 1342 284 1393 et
298 1335 418 1411 populo
435 1333 593 1393 decantari
609 1331 747 1408 Sergius,
764 1331 923 1392 LXXXVI.
952 1331 1165 1392 Romanorum
1181 1334 1321 1404 antistes,

254 1436 436 1511 constituto,
450 1442 483 1493 ut
495 1435 568 1494 dum
582 1442 787 1511 praeparatur
799 1435 837 1494 ad
856 1431 1171 1510 dispensandumb
1185 1451 1323 1511 corpus

255 1536 484 1596 dominicum
512 1542 622 1611 rogent
650 1538 823 1614 accepturi,
848 1541 1005 1612 quatenus
1027 1537 1094 1611 iiie,
1118 1538 1171 1612 qui
1194 1552 1253 1613 pro
1277 1538 1323 1597 eis

256 1639 381 1700 oblatus
404 1646 451 1698 est
481 1639 645 1708 innocens
677 1640 770 1698 iaciat
792 1653 848 1697 eos
873 1639 1037 1698 salubriter
1059 1638 1190 1714 pignora
1212 1640 1323 1698 salutis

256 1745 398 1800 aeternae
421 1741 589 1817 percipere.
634 1741 730 1800 Porro
754 1741 840 1816 quod
863 1723 999 1800 canones
1023 1741 1226 1816 praecipiunt,
1250 1756 1321 1800 eum

256 1843 295 1902 ad
318 1858 428 1920 pacem
458 1859 519 1903 non
549 1843 698 1903 accedere
723 1843 859 1919 quinon
884 1843 1100 1912 communicat,
1125 1843 1252 1919 quidam
1276 1844 1322 1902 sic

254 1945 448 2018 intellegunt,
477 1944 561 2019 quod
585 1960 644 2003 non
669 1945 783 2004 debeat
805 1960 916 2021 pacem
939 1945 1080 2020 accipere
1109 1945 1179 2020 quis
1202 1947 1231 2005 in
1255 1945 1325 2005 aliis

255 2049 368 2118 missis
393 2047 451 2105 nisi
473 2046 503 2104 in
528 2045 643 2122 quibus
666 2049 881 2108 communicat.
918 2045 979 2104 Alii
1002 2060 1078 2106 vero
1094 2048 1214 2118 volunt,
1237 2047 1324 2106 ilium

255 2156 375 2208 tantum
405 2163 424 2207 a
453 2163 530 2223 pace
560 2148 735 2223 prohiberi,
766 2150 819 2224 qui
846 2149 960 2208 iudicio
984 2147 1169 2236 sacerdotati
1197 2164 1324 2208 acom·

256 2252 402 2310 munione
431 2265 609 2326 suspensus
637 2258 700 2322 est,
723 2252 808 2310 ilium
831 2257 949 2322 autem,
974 2251 1026 2325 qui
1050 2250 1183 2326 quadam
1204 2251 1324 2311 ratione

255 2355 306 2414 iilo
328 2360 468 2429 tempore
497 2351 598 2411 differt
628 2353 953 2424 communicationem,
977 2367 1047 2411 cum
1071 2358 1175 2412 tamen
1200 2368 1261 2412 non
1286 2353 1326 2412 sit

257 2461 345 2514 extra
372 2454 636 2526 communionem,
665 2470 726 2516 non
756 2454 870 2516 debere
893 2469 911 2512 a
933 2454 1019 2528 pacis
1048 2455 1148 2528 gratia
1175 2456 1325 2530 separari,

257 2573 296 2616 ne
323 2555 480 2615 humilitas
503 2556 571 2614 eius
596 2555 772 2628 graviorum
795 2557 957 2615 criminum
987 2557 1167 2631 suspicione
1192 2563 1326 2618 notetur.

256 2657 295 2718 Et
316 2658 390 2733 quia
412 2657 451 2716 de
474 2658 724 2717 communicandi
739 2659 889 2717 varietate
910 2658 1065 2734 quaedam
1087 2659 1327 2734 praemisimus2

258 2761 317 2820 hoc
339 2759 517 2818 addendum
544 2759 678 2819 videtur:
709 2774 781 2819 esse
810 2760 980 2836 quosdam,
1012 2759 1064 2834 qui
1093 2763 1190 2820 scmel
1219 2761 1249 2820 in
1274 2761 1326 2821 die

258 2861 503 2935 communicare,
538 2862 629 2920 etiam
658 2862 685 2920 si
714 2862 856 2938 pluribus
883 2862 1076 2920 interfuerint
1110 2863 1231 2934 missia,
1266 2879 1326 2938 pro

258 2965 407 3038 dignitate
430 2968 695 3023 sacramentorum
720 2964 865 3024 sufficere
882 2965 1021 3032 credant,
1045 2979 1212 3027 assevero
1235 2966 1326 3035 alios,

258 3068 311 3141 qui
334 3067 415 3126 sicut
436 3067 465 3124 in
491 3080 552 3124 una
578 3065 675 3124 sicin
700 3066 843 3126 omnibus
867 3067 982 3142 quibus
1006 3065 1150 3126 affuerint
1172 3067 1277 3126 missis
1294 3067 1325 3126 in

257 3169 306 3227 die
319 3168 549 3227 communicare
560 3167 670 3242 veiint;
694 3184 825 3245 quorum
844 3175 971 3231 neutros
984 3168 1157 3244 culpandos
1171 3169 1326 3242 existimo,

259 3269 331 3343 quia
359 3269 439 3329 sicut
460 3270 656 3344 Augustinus
686 3272 728 3329 ait
751 3271 790 3329 de
813 3270 862 3330 his
886 3272 939 3346 qui
962 3271 1073 3331 cotidie
1096 3271 1328 3330 communicant

325 3468 337 3494 ³
356 3468 388 3528 Μ,
406 3470 433 3518 in
451 3469 564 3522 decretis.
583 3501 614 3510 -
634 3459 648 3499 b
666 3471 699 3534 M,
718 3469 932 3535 dispendendum.

330 3656 390 3706 ¹De
409 3654 499 3722 Sergio
517 3658 535 3719 1,
554 3673 620 3723 papa
637 3659 785 3720 car-701,
804 3656 868 3708 liber
886 3658 975 3723 pontii.
994 3656 1081 3708 refert:
1103 3656 1165 3718 „Hic
1183 3657 1280 3718 statuit,
1300 3662 1331 3707 ut

257 3746 368 3806 tempore
390 3741 568 3792 contractionis
591 3741 715 3794 dominici
736 3742 850 3807 corporis
876 3754 958 3806 opnor
981 3739 1033 3794 Dei
1054 3743 1100 3808 qni
1120 3743 1190 3794 tollis
1208 3747 1331 3809 peccato

258 3827 355 3887 mundi,
373 3829 498 3880 miserere
519 3828 593 3880 nobis
611 3843 626 3877 a
643 3827 710 3878 clero
729 3831 752 3878 et
769 3826 864 3892 populo
884 3827 1054 3878 decantetur.‘⁴
1090 3825 1170 3878 Duch.
1189 3824 1206 3886 Ι,
1220 3826 1281 3877 376.
1295 3855 1331 3864 —

261 3911 271 3946 ²
289 3909 338 3960 Cir.
356 3927 410 3976 sup.
428 3928 483 3978 cap.
498 3911 561 3975 XXI,
579 3926 639 3977 pag.
652 3914 692 3963 47.
