2896 4828
210 1141 331 1274 incipit
362 1182 490 1252 libellus
522 1183 691 1253 Walalridi
722 1183 889 1254 Strabonis
925 1182 965 1252 de
997 1182 1138 1254 exordiis
1169 1191 1201 1256 et

130 1317 337 1388 incrementis
368 1317 569 1408 quarundam
602 1319 634 1387 in
661 1317 940 1416 observationibus
974 1320 1201 1392 ecclesiasticis

133 1476 251 1522 rerum.

216 1842 281 1901 Hoc
304 1857 381 1916 opus
405 1841 550 1917 exiguum
573 1839 764 1901 Walafrldus
788 1857 907 1917 pauper
930 1840 1091 1917 hebesque

217 1938 357 2016 Collegit,
381 1948 502 2018 patrum
527 1943 674 2030 dogmata
696 1943 759 2002 lala
782 1957 935 2017 sequens3

218 2043 279 2102 Sed
303 2060 363 2102 non
388 2049 500 2118 sponte
524 2023 667 2102 suatum
691 2059 821 2118 magnos
843 2044 929 2102 venit
952 2042 980 2100 in
1004 2059 1112 2114 ausus,

218 2141 306 2206 Dura¹
326 2143 503 2218 Reginberti
527 2144 624 2203 iussio
648 2144 752 2218 adegit
775 2159 855 2203 eum.

218 2243 249 2303 Si
273 2245 347 2320 quid
370 2245 401 2303 in
423 2244 493 2316 hoc,
517 2247 634 2315 lecton,
659 2245 759 2319 placet
780 2245 944 2322 assignare
968 2253 1122 2308 memento

215 2346 247 2404 ld
271 2345 407 2420 domino,
430 2347 577 2423 quicquid
600 2347 742 2424 displicet
764 2346 861 2409 hocce
884 2347 965 2407 mihi.

588 2535 738 2542 ——--—.

129 2651 279 2728 Incipiunt
302 2652 438 2728 capitula
461 2653 602 2727 opusculi
626 2654 796 2726 sequentis.

176 2800 194 2851 l.
213 2800 248 2850 lle
266 2801 377 2852 exordiis
394 2800 550 2866 templorum
569 2807 592 2852 et
609 2801 737 2852 altarium.

165 2882 193 2934 ll.
212 2883 322 2946 Qualiter
339 2885 477 2950 religiones
495 2886 611 2937 diversae
629 2901 655 2936 se
674 2887 785 2936 invicem
802 2887 914 2937 imilatae
926 2891 986 2937 sunt
1003 2890 1027 2937 et
1044 2887 1107 2951 quid
1124 2900 1195 2936 com·

217 2983 293 3019 mune
311 2967 453 3032 habuerint,
472 2969 534 3034 quid
552 2958 708 3021 diversuml.

152 3051 195 3104 lll.
215 3052 251 3103 De
268 3053 381 3118 prosectu
399 3054 532 3118 religionis
550 3054 710 3105 christianae.

151 3136 195 3190 lV.
214 3136 242 3187 ln
261 3152 326 3203 quas
344 3137 433 3202 plagas
451 3143 551 3190 orantes
568 3142 705 3189 vertantur.

161 3221 193 3274 V.
212 3222 248 3273 lle
266 3223 343 3284 vasis,
362 3238 428 3288 quae
445 3223 593 3288 simpliciter
605 3222 687 3286 signa
704 3221 830 3273 dicuntur.

149 3306 194 3360 Vl.
213 3307 344 3372 Exposilio
363 3309 499 3358 nominum
517 3305 678 3373 quorundam
697 3308 775 3356 sacris
791 3306 867 3358 rebus
885 3305 1065 3358 adiacentium.

139 3390 194 3443 Vll.
214 3391 347 3454 Quomodo
366 3390 488 3442 theotisca
506 3390 599 3442 domus
617 3391 658 3442 dei
676 3391 782 3441 dicatur.

129 3473 194 3529 Vlll.
213 3477 250 3527 De
267 3475 425 3540 imaginibus
444 3480 468 3526 et
485 3476 597 3539 picturis.

153 3559 193 3611 lX.
212 3559 248 3612 Dc
266 3560 368 3625 templis
386 3564 410 3611 et
427 3559 551 3612 altaribus
569 3561 725 3614 dedicandis.

165 3643 194 3694 lh
213 3644 278 3707 Quid
295 3646 349 3695 fleri
367 3644 457 3696 debeat
474 3645 502 3695 in
519 3644 581 3696 locis
600 3645 647 3696 deo
666 3645 825 3696 consecratis.

197 3795 209 3824 ³
227 3813 260 3860 m,
278 3796 350 3849 lecto.
361 3786 417 3837 -b
436 3798 483 3862 ΜῙ,
504 3798 551 3861 „de
564 3797 672 3848 diversis
684 3796 866 3862 reilgionibus“
880 3811 895 3845 a
913 3810 992 3846 manu
1007 3792 1140 3858 posteriori
1159 3793 1191 3844 ad

130 3882 271 3944 marginem
289 3886 411 3933 notatum.

179 3961 326 4019 Kntlpllar,
340 3963 456 4006 Walalridi
470 3963 541 4006 Strab.
553 3963 609 4006 liber
622 3965 650 4006 de
663 3963 762 4005 exordiis
776 3968 815 4005 etc.
974 3951 986 3999 1
