2896 4828
621 395 817 442 ..X-

248 557 292 616 De
315 555 416 616 libello
440 556 509 632 ipso
535 562 701 633 postquam
726 547 861 616 breuiter
884 557 963 616 haee
984 557 1193 632 exposuimus
1218 559 1256 618 de

182 659 322 718 arretoris
346 657 410 718 vita
432 666 462 716 et
485 657 633 732 operibus
656 657 776 718 addere
800 660 955 734 quaedam
979 658 1081 719 liceat.

246 758 469 832 Walalrtdus1,
494 759 678 834 cognomine
695 759 825 822 Strabus
848 776 906 820 seu
927 759 1068 836 81131132,
1093 767 1185 822 natus
1208 768 1257 822 est

182 863 266 922 circa
289 879 404 922 annum
428 860 511 920 808³
535 877 574 921 ex
597 860 711 934 humili,
736 863 767 921 id
791 869 839 922 est
861 879 922 922 non
939 861 1031 921 nobili
1056 864 1202 936 lamilial,
1226 865 1254 922 in

139 1007 143 1013 .
183 971 265 1022 terra
282 961 503 1024 alanrannica.⁵
546 965 610 1022 lant
633 964 733 1040 prima
753 971 855 1023 aetate
877 972 910 1023 ul
932 964 1041 1024 litteris
1065 966 1256 1027 imbueretur

183 1065 324 1126 scholam
348 1067 422 1126 adiit
444 1066 622 1126 monasterii
646 1066 804 1140 augiensis
828 1067 858 1124 id
880 1066 1028 1142 temporis
1053 1067 1254 1138 celeberrimi,

182 1178 213 1227 et
235 1167 288 1227 vix
305 1169 482 1244 quindecim
498 1185 598 1229 annos
614 1176 709 1228 natus
727 1168 872 1228 addictus
892 1174 941 1228 est
962 1169 1091 1243 regulae
1114 1186 1138 1229 s.
1155 1170 1255 1228 Bene·

182 1270 254 1329 dicti
282 1271 310 1329 in
336 1273 446 1332 eodem
471 1271 659 1330 monasterio
687 1277 837 1346 regnante
861 1269 962 1330 adhuc
987 1272 1117 1331 Hattone
1141 1271 1255 1332 abbate

166 1373 390 1450 Ι(806-023).
435 1372 492 1430 Η13
521 1371 686 1447 diligenter
717 1375 885 1433 instructus
917 1379 965 1432 est
991 1373 1183 1433 Wala'fridus
1214 1375 1254 1434 ab

183 1474 357 1550 Erlebaldo,
381 1472 528 1545 Wettino,
558 1473 687 1534 Tattnne
716 1482 747 1532 et
771 1453 946 1535 Grinroaldo
974 1476 1130 1550 magistris
1141 1469 1252 1550 ⁶‚ttam

253 1657 370 1708 1Plures
393 1659 492 1709 codices
520 1660 589 1724 iique
612 1659 768 1723 antiquiores
791 1661 895 1707 utuntur
922 1658 1003 1708 forma
1026 1657 1203 1710 Walahlridus
1230 1663 1255 1710 et

182 1743 378 1804 Walahlredus;
408 1747 493 1794 noster
523 1747 608 1792 autem
638 1743 719 1794 codex
745 1741 793 1795 SG.
822 1757 846 1792 n.
866 1744 915 1794 446
942 1741 1045 1793 exhibet
1072 1743 1254 1796 Walalridum.

117 1877 119 1884 ,
181 1828 277 1879 Walah
303 1828 356 1879 ahd
381 1853 415 1870 =
440 1828 603 1892 peregrinus;
635 1826 702 1876 lridu
729 1850 763 1868 =
787 1841 846 1890 pax.
891 1828 984 1891 Aptius
1010 1832 1096 1878 autem
1130 1827 1254 1880 adhibeas

181 1916 286 1966 tortasse
313 1912 375 1965 altn.
401 1913 450 1964 frid
473 1937 508 1955 =
530 1917 688 1972 mansuetus
715 1912 849 1962 lormosus
894 1909 943 1962 Cir.
966 1911 1146 1973 Fdrstemann,
1173 1912 1252 1964 althd.

181 1997 350 2051 Namenbuch
368 1998 385 2048 l.
405 1997 431 2048 S.
449 1999 496 2050 421
518 2003 541 2049 et
562 1999 687 2050 1213-
707 1999 717 2034 ²

333 2085 421 2136 Edidit
438 2083 502 2134 haec
519 2082 634 2154 Strabus,
653 2082 806 2148 parvissima
822 2083 904 2146 portio
923 2081 1037 2142 fratrum,

334 2171 421 2234 Augia
439 2185 503 2234 quos
521 2157 612 2220 vestris
630 2168 716 2219 insula
734 2167 779 2218 alit
796 2167 922 2232 precibus.

335 2254 486 2306 Strabonem
506 2269 665 2319 quamquam
683 2253 821 2304 dicendum
839 2252 929 2316 regula
947 2251 1047 2311 clamet,

334 2339 455 2390 Strabum
473 2355 514 2388 me
532 2340 585 2403 ipse
604 2338 663 2388 volo
682 2337 774 2398 dicere,
794 2336 899 2386 Strabus
917 2352 968 2386 ero.

127 2444 129 2446 ·
180 2423 224 2472 Ad
242 2422 421 2475 Grimualdum
438 2425 539 2486 magist.
558 2423 644 2485 Migne
663 2424 752 2481 till,
770 2437 793 2485 p.
809 2423 881 2472 1095.
900 2448 933 2456 -
954 2423 964 2458 ³
982 2419 1147 2484 Epitaphium
1161 2419 1250 2469 Wala-

179 2509 239 2558 lridi
256 2508 360 2560 exhibet
377 2508 447 2558 hunc
465 2523 582 2558 versum:

333 2593 424 2643 Lustra
440 2594 477 2643 tui
495 2593 593 2643 fuerant
611 2607 665 2641 non·
680 2588 739 2654 plus
758 2603 837 2654 quam
855 2589 977 2652 temporis
995 2594 1058 2651 octo,

333 2677 440 2739 Quando
458 2679 595 2728 immatura
613 2692 681 2726 mors
698 2676 812 2725 animam
831 2671 971 2737 expulerat.

179 2760 214 2812 M.
227 2760 255 2814 G.
274 2767 340 2826 poet.
354 2763 397 2814 lat.
408 2762 437 2826 11,
456 2778 481 2826 p.
494 2765 551 2815 423.
588 2760 655 2813 Obiit
672 2769 756 2811 aulem
776 2759 819 2809 W.
839 2759 878 2810 18.
891 2759 961 2822 Aug.
977 2759 1035 2810 849.
1072 2757 1101 2808 In
1118 2759 1249 2822 prooemio

177 2847 300 2898 carminis
324 2847 413 2908 „Visio
436 2847 558 2898 Wettini“
583 2847 697 2910 inscripti
720 2842 878 2894 Walalridus
900 2843 954 2906 ipse
982 2842 1102 2902 affirmat,
1130 2859 1157 2892 se
1185 2841 1250 2892 illud

178 2945 332 2996 componere
351 2934 412 2998 „qui
429 2947 494 2996 pene
512 2938 631 2983 octavum
649 2931 779 2981 decimum
803 2930 855 2978 iam
875 2943 972 2978 annum
991 2928 1126 2991 transegi.“
1163 2927 1250 2992 hligne

179 3015 197 3066 l.
216 3031 237 3068 e.
255 3032 280 3081 p.
295 3019 368 3081 1004,
386 3017 420 3068 Μ.
434 3017 462 3068 G.
475 3033 499 3081 p.
513 3017 531 3068 l.
543 3017 571 3077 ll,
590 3033 614 3080 p.
628 3017 685 3068 303.
721 3013 788 3064 Illud
806 3019 891 3064 autern
909 3027 1001 3076 poema
1013 3027 1064 3062 non
1082 3016 1139 3062 ante
1152 3026 1249 3062 annum

178 3102 229 3152 aad
255 3104 426 3166 compositum
452 3118 516 3163 esse,
542 3102 698 3153 demonstrat
724 3097 817 3151 Ebert:
854 3098 904 3159 „Zu
932 3098 977 3148 der
1002 3095 1250 3161 Lebensgeschichte

179 3185 306 3237 Walairid
324 3186 461 3247 Strabo's“‚
479 3189 506 3238 in
523 3185 639 3238 Berichte
657 3185 719 3235 iiber
737 3184 778 3234 die
790 3181 1012 3245 Verhandlungen
1031 3180 1075 3232 der
1093 3180 1147 3244 kgl.
1165 3180 1248 3232 sache.

178 3269 346 3322 Gesellschalt
368 3273 413 3323 der
430 3272 508 3323 WW.
531 3289 562 3323 zu
580 3271 693 3334 Leipzig.
720 3270 759 3321 30.
778 3269 824 3322 Bd.
849 3267 924 3328 1878,
942 3270 965 3318 2.
984 3265 1075 3322 Abthl.
1094 3264 1119 3316 S.
1140 3267 1196 3318 101.
1215 3294 1248 3302 -

179 3361 191 3393 ⁴
209 3354 238 3405 In
256 3357 368 3407 carmine
386 3356 418 3407 ad
436 3355 583 3407 Conradum
601 3356 719 3405 comitem
738 3358 824 3403 auctor
842 3352 902 3404 dicit
920 3352 951 3403 de
970 3367 996 3402 se
1014 3352 1081 3415 ipso:
1109 3351 1247 3409 „obscurus

178 3440 237 3492 11331
259 3442 375 3506 ingenio,
398 3439 549 3492 natalibus.“
586 3440 673 3504 Migne
691 3439 708 3490 l.
728 3453 747 3488 c.
767 3453 791 3502 p.
812 3439 889 3498 1100;
914 3437 946 3487 M.
967 3435 996 3486 G.
1014 3451 1038 3499 p.
1058 3434 1075 3488 1.
1094 3434 1123 3494 11,
1145 3450 1171 3499 p.
1189 3436 1246 3486 387.

179 3526 206 3576 ln
231 3529 344 3578 carmine
365 3543 427 3578 vero
450 3526 484 3577 ad
504 3525 624 3576 lectorem
648 3524 726 3574 huius
747 3522 829 3574 libelli
851 3521 924 3573 dicit:
954 3519 1128 3582 „Walalridus
1151 3532 1248 3583 pauper

177 3610 322 3678 hebesquc“
342 3611 401 3662 vide
419 3612 463 3662 inl.
482 3627 505 3676 p.
521 3614 542 3663 l.
561 3639 593 3649 -
613 3615 623 3648 ⁵
641 3609 668 3658 ln
686 3607 793 3672 prologo
812 3607 845 3657 ad
864 3607 943 3656 vitam
960 3605 984 3654 b.
1000 3603 1128 3654 Blaitmici
1145 3602 1244 3654 laudat:

134 3693 137 3698 “
178 3694 301 3756 „Strabus
319 3713 376 3762 ego,
396 3697 465 3746 misit
482 3711 559 3761 quern
576 3701 641 3746 terra
659 3694 820 3744 alamannica
838 3695 924 3743 nalu.“
961 3688 1048 3751 Migne
1064 3687 1081 3738 l.
1094 3703 1114 3739 c.
1133 3704 1157 3752 p.
1173 3690 1246 3740 1013.

177 3778 212 3830 Μ.
225 3778 253 3830 G.
266 3796 290 3845 p.
303 3779 320 3832 l.
334 3781 365 3841 ll,
383 3783 480 3845 11291.
498 3808 531 3817 —
551 3784 561 3818 ὓ
581 3778 706 3840 „Necesse
724 3779 793 3829 enirn
811 3782 856 3838 cst,
874 3780 903 3844 ut
919 3771 1087 3826 Erlebaldum
1106 3771 1246 3822 Dominum

175 3869 201 3914 31
221 3863 353 3917 Trrttoncm
377 3870 566 3930 praeceptorem
590 3879 675 3916 meum
700 3862 763 3913 haec
785 3878 825 3913 res
848 3876 899 3912 non
922 3859 1020 3910 lateat.“
1056 3855 1172 3908 Prooem.
1191 3855 1245 3904 Vis.

178 3947 255 4000 Wett.
273 3949 359 4015 hligne
377 3952 394 4002 l.
413 3966 433 4002 c.
451 3966 475 4014 p.
497 3951 571 4010 10643
597 3947 630 3998 M.
650 3947 678 3998 G.
696 3947 713 3999 l.
734 3963 754 3999 c.
774 3963 797 4012 p.
817 3947 874 3998 302.
911 3941 1056 4004 „Wcttinur
1078 3945 1130 3990 3131
1151 3938 1246 3990 celebri
