2896 4828
630 385 839 444 ..44-

203 556 410 632 perniciosum
441 554 533 614 huius
563 555 660 630 pestis
689 571 814 630 germen
845 555 1036 617 revirescere
1068 554 1159 614 luerit
1186 569 1271 613 corn,

104 731 108 736 ¹
203 659 384 735 probatum,
419 672 564 717 mucrone
605 657 734 732 spiritali
768 657 916 717 radicitus
956 665 1005 716 est
1038 655 1271 732 amputandum,

204 763 287 822 illum
317 761 386 819 dico
418 777 571 830 errorent,
601 775 662 836 quo
693 758 840 835 quidama
861 758 933 833 agni
957 773 1068 818 carnes
1096 759 1126 817 in
1151 756 1272 833 pascha

203 865 290 924 iuxta
318 865 368 921 vel
400 863 458 922 sub
490 863 578 921 altari
610 876 665 920 eas
698 867 848 934 ponentes
887 861 1105 920 benedictione
1146 861 1272 934 propria

204 963 429 1026 consecrabant
467 970 497 1023 et
526 965 556 1024 in
585 964 656 1039 ipsa
694 961 929 1034 resurrectionis
965 962 1015 1021 die
1048 966 1120 1023 ante
1150 967 1270 1020 ceteros

205 1067 382 1141 corporales
405 1065 492 1126 cibos
516 1065 646 1141 deipsis
663 1063 806 1124 carnibus
828 1063 1047 1140 percipiebant,
1072 1064 1160 1122 cuius
1177 1063 1270 1124 bene-

204 1169 347 1228 dictionis
375 1167 473 1226 series
503 1167 607 1226 adhuc
629 1183 649 1252 a
672 1167 775 1227 multis
804 1164 947 1225 habetur.
994 1166 1079 1240 Quod
1111 1165 1272 1242 quamsit

205 1285 435 1347 supervacuum
458 1276 488 1327 et
511 1284 530 1328 a
553 1269 753 1328 sacramentis
776 1268 964 1328 christianae
989 1268 1187 1343 perfectionis
1216 1269 1272 1366 ab·

204 1372 355 1442 horrens,
397 1371 486 1429 lacile
519 1371 668 1446 perspicit
706 1372 758 1446 qui
797 1371 951 1430 veraciter
986 1370 1149 1446 intellegit,
1188 1369 1272 1445 quod

204 1475 345 1549 ‚pascha
361 1478 498 1533 nostrum
514 1475 687 1532 immolatus
700 1480 745 1531 est
757 1471 921 1546 Christus“,
936 1478 967 1530 et
980 1474 1047 1531 vult
1062 1471 1179 1546 epulari
1195 1489 1273 1545 „non

205 1579 411 1650 informante
433 1577 540 1649 ceteri,
563 1575 618 1632 sed
636 1577 666 1634 in
683 1577 800 1650 azymis
822 1575 1012 1634 sinceritatis
1036 1580 1067 1632 et
1088 1572 1272 1634 veritatis“1

636 1777 838 1784 —.————.

697 1933 771 2003 XX.

287 2083 363 2152 Νοη
391 2082 432 2151 ab
458 2085 536 2152 aliie
562 2107 657 2175 quum
684 2108 705 2153 a
733 2085 854 2154 ieiunis
880 2084 1189 2152 communicandum.

269 2269 336 2327 Hoc
358 2285 485 2344 quoque
501 2272 806 2331 commemorandum
822 2270 954 2346 videtur,
978 2269 1060 2345 quod
1082 2269 1152 2344 ipsa
1166 2283 1273 2328 sacra-

157 2387 159 2390 ·
207 2377 312 2431 menta
335 2369 460 2446 quidam
483 2370 637 2432 interdum
659 2373 763 2444 ieiuni,
788 2368 941 2430 interdurn
965 2371 1071 2446 pransi
1094 2372 1274 2446 percepisse

207 2473 360 2546 leguntur,
383 2477 417 2529 ut
438 2472 550 2547 legitur
574 2475 602 2531 in
626 2473 794 2532 canonibus
824 2472 943 2532 concilii
966 2469 1111 2532 africanib
1135 2472 1273 2546 capitulo

207 2575 275 2633 Vlll
297 2571 346 2630 his
370 2572 491 2631 verbis:
515 2581 567 2644 „ut
586 2581 787 2634 sacramento
810 2578 922 2635 ultoris
943 2592 1005 2634 nori
1032 2578 1090 2634 nisi
1117 2592 1136 2633 a
1164 2575 1274 2632 ieiunis

207 2674 377 2734 hominibus
405 2675 618 2746 celebrentur,
644 2683 775 2752 excepto
799 2695 858 2738 urio
882 2679 931 2736 dic
955 2678 1187 2746 anniversario,
1213 2690 1274 2748 quo

208 2792 308 2836 caeno
330 2776 453 2835 Domini
475 2777 693 2835 celebretur“²
716 2779 898 2854 etreliqua.
943 2780 995 2836 lsti
1012 2778 1137 2853 quidem
1160 2793 1197 2836 eo
1222 2776 1273 2835 die

210 2862 282 2953 post
308 2877 469 2951 prandium
495 2879 786 2941 communicandum
811 2897 884 2943 esse
908 2880 1091 2950 censebant,
1115 2878 1189 2954 quia
1211 2877 1273 2936 Do-

207 2980 310 3039 nrinus
331 2986 404 3055 pest
425 2979 537 3054 legalis
560 2977 697 3054 paschae
722 2997 852 3042 caenam
876 2983 948 3042 nori
963 2981 1141 3040 testamenti
1166 2994 1274 3039 sacra-

208 3087 312 3140 nrenta
335 3082 444 3156 legitur
467 3081 629 3155 discipulis
645 3083 819 3144 tradidisse.
857 3084 919 3145 Alii
939 3100 1014 3143 vero
1036 3089 1122 3142 secta
1137 3081 1272 3157 quadarn

208 3182 358 3256 singulari
383 3198 442 3241 non
468 3184 564 3243 sernel
587 3184 617 3242 in
642 3199 722 3243 anno
746 3186 827 3243 sicut
847 3174 1034 3259 superiores,
1059 3184 1116 3244 sed
1133 3180 1273 3242 crebrius

208 3289 280 3343 ante
304 3291 567 3344 sacramentorum
591 3286 820 3362 perceptionem
851 3286 927 3346 cibis
956 3284 1166 3359 corporalibus
1189 3283 1274 3341 refici

208 3385 323 3446 debere
344 3384 532 3456 iudicantes,
560 3393 632 3460 post
653 3382 788 3462 prandia
815 3392 846 3445 et
873 3387 1096 3464 plenitudinem
1119 3385 1273 3446 stomachi

208 3488 299 3564 quasi
324 3487 549 3547 confirmaturic
572 3487 670 3546 sacris
698 3489 793 3548 rebus
824 3490 1043 3549 necessitatem
1074 3477 1273 3563 corporeamd

275 3653 288 3680 ³
305 3668 326 3703 c.
350 3653 463 3718 quidem.
490 3681 521 3689 -
551 3638 639 3704 bS.G.
666 3653 742 3705 habet
772 3655 879 3706 concilio
907 3656 1027 3708 africano.
1061 3683 1092 3690 -
1120 3651 1191 3715 coe,
1213 3668 1274 3703 con-

207 3739 309 3789 firmati.
327 3767 360 3774 -
378 3724 393 3765 ἀ
411 3753 448 3797 oe,
467 3737 615 3788 necessitate
634 3751 762 3802 corporea.

280 3856 316 3906 1Ι
334 3856 389 3908 Cor.
407 3857 439 3920 V,
453 3859 475 3919 l,
489 3856 512 3908 8.
531 3885 562 3893 —
584 3858 595 3892 ²
613 3855 709 3910 Concil.
728 3856 887 3922 hipponense
905 3873 963 3912 ann.
983 3859 1031 3910 393
1049 3871 1104 3907 can.
1117 3858 1157 3908 28.
1192 3855 1276 3905 Mansi

206 3945 222 3991 i.
236 3941 273 4002 lll,
286 3943 344 3993 923.
