<?xml version="1.0" encoding="UTF-8"?>
<!DOCTYPE html PUBLIC "-//W3C//DTD XHTML 1.0 Transitional//EN"
    "http://www.w3.org/TR/xhtml1/DTD/xhtml1-transitional.dtd">
<html xmlns="http://www.w3.org/1999/xhtml" xml:lang="en" lang="en">
 <head>
  <title>
</title>
<meta http-equiv="Content-Type" content="text/html;charset=utf-8" />
  <meta name='ocr-system' content='tesseract 3.04.00' />
  <meta name='ocr-capabilities' content='ocr_page ocr_carea ocr_par ocr_line ocrx_word'/>
</head>
<body>
  <div class='ocr_page' id='page_1' title='image "./walafridistrabo00kngoog_0108.png"; bbox 0 0 2956 4766; ppageno 0'>
   <div class='ocr_carea' id='block_1_1' title="bbox 729 448 940 508">
    <p class='ocr_par' dir='ltr' id='par_1_1' title="bbox 729 448 940 508">
     <span class='ocr_line' id='line_1_1' title="bbox 729 448 940 508; baseline 0 -18"><span class='ocrx_word' id='word_1_1' title='bbox 729 448 940 508; x_wconf 72' lang='lat' dir='ltr'><strong>..gg-</strong></span> 
     </span>
    </p>
   </div>
   <div class='ocr_carea' id='block_1_2' title="bbox 299 617 1375 1610">
    <p class='ocr_par' dir='ltr' id='par_1_2' title="bbox 299 617 1375 1610">
     <span class='ocr_line' id='line_1_2' title="bbox 303 617 1359 693; baseline -0.004 -15"><span class='ocrx_word' id='word_1_2' title='bbox 303 617 530 678; x_wconf 88' lang='lat' dir='ltr'><strong>consuetudinc</strong></span> <span class='ocrx_word' id='word_1_3' title='bbox 552 631 643 676; x_wconf 90' lang='lat' dir='ltr'><strong>nemo</strong></span> <span class='ocrx_word' id='word_1_4' title='bbox 660 617 712 693; x_wconf 95' lang='lat' dir='ltr'><strong>qui</strong></span> <span class='ocrx_word' id='word_1_5' title='bbox 732 617 859 686; x_wconf 88' lang='lat' dir='ltr'><strong>dubitet,</strong></span> <span class='ocrx_word' id='word_1_6' title='bbox 884 632 953 678; x_wconf 92' lang='lat' dir='ltr'><strong>cum</strong></span> <span class='ocrx_word' id='word_1_7' title='bbox 970 617 1077 693; x_wconf 94' lang='lat' dir='ltr'><strong>primis</strong></span> <span class='ocrx_word' id='word_1_8' title='bbox 1093 619 1228 692; x_wconf 82' lang='lat' dir='ltr'><strong>gratiaea</strong></span> <span class='ocrx_word' id='word_1_9' title='bbox 1248 621 1359 690; x_wconf 91' lang='lat' dir='ltr'><strong>tempo-</strong></span> 
     </span>
     <span class='ocr_line' id='line_1_3' title="bbox 300 715 1361 794; baseline -0.002 -15"><span class='ocrx_word' id='word_1_10' title='bbox 300 720 387 780; x_wconf 82' lang='lat' dir='ltr'>ribus</span> <span class='ocrx_word' id='word_1_11' title='bbox 418 718 615 793; x_wconf 82' lang='lat' dir='ltr'><strong>impositione</strong></span> <span class='ocrx_word' id='word_1_12' title='bbox 650 734 795 779; x_wconf 90' lang='lat' dir='ltr'><strong>manuum</strong></span> <span class='ocrx_word' id='word_1_13' title='bbox 830 715 1005 794; x_wconf 84' lang='lat' dir='ltr'><strong>baptismab</strong></span> <span class='ocrx_word' id='word_1_14' title='bbox 1038 719 1214 778; x_wconf 88' lang='lat' dir='ltr'><strong>confirmari</strong></span> <span class='ocrx_word' id='word_1_15' title='bbox 1248 721 1361 788; x_wconf 76' lang='lat' dir='ltr'><strong>soleret</strong></span> 
     </span>
     <span class='ocr_line' id='line_1_4' title="bbox 302 819 1364 897; baseline -0.002 -18"><span class='ocrx_word' id='word_1_16' title='bbox 302 820 386 897; x_wconf 92' lang='lat' dir='ltr'><strong>quod</strong></span> <span class='ocrx_word' id='word_1_17' title='bbox 407 821 438 878; x_wconf 94' lang='lat' dir='ltr'><strong>in</strong></span> <span class='ocrx_word' id='word_1_18' title='bbox 463 819 606 880; x_wconf 84' lang='lat' dir='ltr'><strong>Samaria</strong></span> <span class='ocrx_word' id='word_1_19' title='bbox 628 821 741 882; x_wconf 85' lang='lat' dir='ltr'><strong>secisse</strong></span> <span class='ocrx_word' id='word_1_20' title='bbox 763 819 885 881; x_wconf 91' lang='lat' dir='ltr'><strong>Petrum</strong></span> <span class='ocrx_word' id='word_1_21' title='bbox 904 820 1013 895; x_wconf 89' lang='lat' dir='ltr'><strong>legitur</strong></span> <span class='ocrx_word' id='word_1_22' title='bbox 1028 825 1059 877; x_wconf 90' lang='lat' dir='ltr'><strong>et</strong></span> <span class='ocrx_word' id='word_1_23' title='bbox 1074 819 1250 880; x_wconf 87' lang='lat' dir='ltr'><strong>loannem1</strong></span> <span class='ocrx_word' id='word_1_24' title='bbox 1288 820 1364 892; x_wconf 80' lang='lat' dir='ltr'><strong>Quae</strong></span> 
     </span>
     <span class='ocr_line' id='line_1_5' title="bbox 302 922 1367 998; baseline -0.002 -16"><span class='ocrx_word' id='word_1_25' title='bbox 302 922 494 982; x_wconf 88' lang='lat' dir='ltr'><strong>confirmatio</strong></span> <span class='ocrx_word' id='word_1_26' title='bbox 519 929 549 981; x_wconf 93' lang='lat' dir='ltr'><strong>et</strong></span> <span class='ocrx_word' id='word_1_27' title='bbox 578 929 652 981; x_wconf 91' lang='lat' dir='ltr'><strong>tunc</strong></span> <span class='ocrx_word' id='word_1_28' title='bbox 676 924 713 981; x_wconf 88' lang='lat' dir='ltr'><strong>ad</strong></span> <span class='ocrx_word' id='word_1_29' title='bbox 744 924 861 998; x_wconf 90' lang='lat' dir='ltr'><strong>primos</strong></span> <span class='ocrx_word' id='word_1_30' title='bbox 883 923 1037 982; x_wconf 89' lang='lat' dir='ltr'><strong>ecclesiae</strong></span> <span class='ocrx_word' id='word_1_31' title='bbox 1059 929 1203 996; x_wconf 88' lang='lat' dir='ltr'><strong>pastores</strong></span> <span class='ocrx_word' id='word_1_32' title='bbox 1226 922 1367 997; x_wconf 83' lang='lat' dir='ltr'><strong>pertinuit</strong></span> 
     </span>
     <span class='ocr_line' id='line_1_6' title="bbox 302 1024 1368 1100; baseline 0.001 -18"><span class='ocrx_word' id='word_1_33' title='bbox 302 1030 333 1082; x_wconf 91' lang='lat' dir='ltr'><strong>et</strong></span> <span class='ocrx_word' id='word_1_34' title='bbox 355 1040 437 1084; x_wconf 90' lang='lat' dir='ltr'><strong>nunc</strong></span> <span class='ocrx_word' id='word_1_35' title='bbox 453 1024 608 1099; x_wconf 87' lang='lat' dir='ltr'><strong>pertinere</strong></span> <span class='ocrx_word' id='word_1_36' title='bbox 624 1041 685 1084; x_wconf 93' lang='lat' dir='ltr'><strong>non</strong></span> <span class='ocrx_word' id='word_1_37' title='bbox 702 1025 875 1100; x_wconf 62' lang='lat' dir='ltr'><strong>dubitatum</strong></span> <span class='ocrx_word' id='word_1_38' title='bbox 899 1024 980 1084; x_wconf 90' lang='lat' dir='ltr'><strong>unde</strong></span> <span class='ocrx_word' id='word_1_39' title='bbox 996 1025 1025 1082; x_wconf 92' lang='lat' dir='ltr'><strong>in</strong></span> <span class='ocrx_word' id='word_1_40' title='bbox 1042 1024 1211 1085; x_wconf 86' lang='lat' dir='ltr'><strong>canonibus</strong></span> <span class='ocrx_word' id='word_1_41' title='bbox 1227 1025 1368 1100; x_wconf 76' lang='lat' dir='ltr'><strong>saepius⁰</strong></span> 
     </span>
     <span class='ocr_line' id='line_1_7' title="bbox 300 1126 1370 1202; baseline -0.002 -17"><span class='ocrx_word' id='word_1_42' title='bbox 300 1126 495 1186; x_wconf 81' lang='lat' dir='ltr'><strong>interdicitur</strong></span> <span class='ocrx_word' id='word_1_43' title='bbox 535 1126 739 1202; x_wconf 87' lang='lat' dir='ltr'><strong>presbyteris,</strong></span> <span class='ocrx_word' id='word_1_44' title='bbox 785 1143 823 1186; x_wconf 92' lang='lat' dir='ltr'><strong>ne</strong></span> <span class='ocrx_word' id='word_1_45' title='bbox 865 1126 1001 1187; x_wconf 80' lang='lat' dir='ltr'><strong>chrisma</strong></span> <span class='ocrx_word' id='word_1_46' title='bbox 1041 1126 1226 1185; x_wconf 85' lang='lat' dir='ltr'><strong>conficiant²</strong></span> <span class='ocrx_word' id='word_1_47' title='bbox 1270 1141 1370 1201; x_wconf 89' lang='lat' dir='ltr'><strong>neque</strong></span> 
     </span>
     <span class='ocr_line' id='line_1_8' title="bbox 299 1227 1371 1304; baseline -0.002 -16"><span class='ocrx_word' id='word_1_48' title='bbox 299 1229 478 1304; x_wconf 90' lang='lat' dir='ltr'><strong>baptizatos</strong></span> <span class='ocrx_word' id='word_1_49' title='bbox 507 1227 536 1285; x_wconf 92' lang='lat' dir='ltr'><strong>in</strong></span> <span class='ocrx_word' id='word_1_50' title='bbox 568 1230 667 1290; x_wconf 81' lang='lat' dir='ltr'><strong>ironic</strong></span> <span class='ocrx_word' id='word_1_51' title='bbox 694 1230 891 1300; x_wconf 82' lang='lat' dir='ltr'><strong>consignent,</strong></span> <span class='ocrx_word' id='word_1_52' title='bbox 924 1228 1008 1304; x_wconf 90' lang='lat' dir='ltr'><strong>quod</strong></span> <span class='ocrx_word' id='word_1_53' title='bbox 1037 1227 1112 1287; x_wconf 93' lang='lat' dir='ltr'><strong>solis</strong></span> <span class='ocrx_word' id='word_1_54' title='bbox 1136 1228 1270 1287; x_wconf 85' lang='lat' dir='ltr'><strong>debetur</strong></span> <span class='ocrx_word' id='word_1_55' title='bbox 1291 1228 1371 1302; x_wconf 90' lang='lat' dir='ltr'><strong>epis·</strong></span> 
     </span>
     <span class='ocr_line' id='line_1_9' title="bbox 302 1330 1373 1407; baseline -0.006 -14"><span class='ocrx_word' id='word_1_56' title='bbox 302 1331 401 1407; x_wconf 86' lang='lat' dir='ltr'><strong>copis.</strong></span> <span class='ocrx_word' id='word_1_57' title='bbox 447 1330 615 1390; x_wconf 88' lang='lat' dir='ltr'><strong>Testantur</strong></span> <span class='ocrx_word' id='word_1_58' title='bbox 642 1331 702 1392; x_wconf 93' lang='lat' dir='ltr'><strong>hoc</strong></span> <span class='ocrx_word' id='word_1_59' title='bbox 731 1331 857 1390; x_wconf 91' lang='lat' dir='ltr'><strong>decreta</strong></span> <span class='ocrx_word' id='word_1_60' title='bbox 880 1330 1050 1390; x_wconf 88' lang='lat' dir='ltr'><strong>innocentii</strong></span> <span class='ocrx_word' id='word_1_61' title='bbox 1074 1346 1176 1406; x_wconf 91' lang='lat' dir='ltr'><strong>papae</strong></span> <span class='ocrx_word' id='word_1_62' title='bbox 1203 1335 1234 1389; x_wconf 90' lang='lat' dir='ltr'><strong>et</strong></span> <span class='ocrx_word' id='word_1_63' title='bbox 1257 1336 1373 1389; x_wconf 89' lang='lat' dir='ltr'><strong>statuta</strong></span> 
     </span>
     <span class='ocr_line' id='line_1_10' title="bbox 302 1430 1373 1509; baseline -0.003 -16"><span class='ocrx_word' id='word_1_64' title='bbox 302 1433 466 1509; x_wconf 80' lang='lat' dir='ltr'><strong>Sylvestri‚</strong></span> <span class='ocrx_word' id='word_1_65' title='bbox 492 1430 564 1508; x_wconf 68' lang='lat' dir='ltr'><strong>quil</strong></span> <span class='ocrx_word' id='word_1_66' title='bbox 593 1440 624 1492; x_wconf 88' lang='lat' dir='ltr'><strong>et</strong></span> <span class='ocrx_word' id='word_1_67' title='bbox 652 1434 720 1508; x_wconf 91' lang='lat' dir='ltr'><strong>ipse</strong></span> <span class='ocrx_word' id='word_1_68' title='bbox 749 1435 894 1503; x_wconf 90' lang='lat' dir='ltr'><strong>instituit,</strong></span> <span class='ocrx_word' id='word_1_69' title='bbox 924 1440 957 1491; x_wconf 91' lang='lat' dir='ltr'><strong>ut</strong></span> <span class='ocrx_word' id='word_1_70' title='bbox 988 1433 1154 1508; x_wconf 84' lang='lat' dir='ltr'><strong>presbyter</strong></span> <span class='ocrx_word' id='word_1_71' title='bbox 1184 1431 1373 1506; x_wconf 85' lang='lat' dir='ltr'><strong>baptizatum</strong></span> 
     </span>
     <span class='ocr_line' id='line_1_11' title="bbox 303 1533 1375 1610; baseline -0.003 -14"><span class='ocrx_word' id='word_1_72' title='bbox 303 1535 474 1596; x_wconf 86' lang='lat' dir='ltr'><strong>chrismate</strong></span> <span class='ocrx_word' id='word_1_73' title='bbox 512 1534 600 1595; x_wconf 89' lang='lat' dir='ltr'><strong>liniat</strong></span> <span class='ocrx_word' id='word_1_74' title='bbox 643 1541 770 1610; x_wconf 85' lang='lat' dir='ltr'><strong>propter</strong></span> <span class='ocrx_word' id='word_1_75' title='bbox 810 1534 1007 1595; x_wconf 86' lang='lat' dir='ltr'><strong>occasionem</strong></span> <span class='ocrx_word' id='word_1_76' title='bbox 1047 1533 1196 1594; x_wconf 89' lang='lat' dir='ltr'><strong>transitus</strong></span> <span class='ocrx_word' id='word_1_77' title='bbox 1237 1533 1375 1593; x_wconf 71' lang='lat' dir='ltr'><strong>mortis.3</strong></span> 
     </span>
    </p>
   </div>
   <div class='ocr_carea' id='block_1_3' title="bbox 369 1718 1376 1800">
    <p class='ocr_par' dir='ltr' id='par_1_3' title="bbox 369 1718 1376 1800">
     <span class='ocr_line' id='line_1_12' title="bbox 369 1718 1376 1800; baseline -0.001 -16"><span class='ocrx_word' id='word_1_78' title='bbox 369 1733 382 1760; x_wconf 76' lang='lat'>³</span> <span class='ocrx_word' id='word_1_79' title='bbox 400 1750 438 1799; x_wconf 88' lang='lat' dir='ltr'><strong>oe,</strong></span> <span class='ocrx_word' id='word_1_80' title='bbox 457 1749 508 1787; x_wconf 88' lang='lat' dir='ltr'><strong>orn.</strong></span> <span class='ocrx_word' id='word_1_81' title='bbox 527 1722 697 1798; x_wconf 79' lang='lat' dir='ltr'><strong>gratiac—b</strong></span> <span class='ocrx_word' id='word_1_82' title='bbox 717 1751 755 1797; x_wconf 92' lang='lat' dir='ltr'><strong>oe,</strong></span> <span class='ocrx_word' id='word_1_83' title='bbox 774 1733 999 1800; x_wconf 77' lang='lat' dir='ltr'><strong>baptismum—⁰</strong></span> <span class='ocrx_word' id='word_1_84' title='bbox 1017 1750 1055 1796; x_wconf 89' lang='lat' dir='ltr'><strong>oe,</strong></span> <span class='ocrx_word' id='word_1_85' title='bbox 1068 1748 1152 1797; x_wconf 89' lang='lat' dir='ltr'><strong>saepe.</strong></span> <span class='ocrx_word' id='word_1_86' title='bbox 1169 1762 1203 1769; x_wconf 90' lang='lat'>-</span> <span class='ocrx_word' id='word_1_87' title='bbox 1221 1718 1236 1760; x_wconf 77' lang='lat'><strong>‘¹</strong></span> <span class='ocrx_word' id='word_1_88' title='bbox 1254 1749 1294 1794; x_wconf 89' lang='lat' dir='ltr'><strong>oe,</strong></span> <span class='ocrx_word' id='word_1_89' title='bbox 1308 1735 1376 1798; x_wconf 89' lang='lat' dir='ltr'><strong>qnia.</strong></span> 
     </span>
    </p>
   </div>
   <div class='ocr_carea' id='block_1_4' title="bbox 300 1840 1376 1847">
    <p class='ocr_par' dir='ltr' id='par_1_4' title="bbox 300 1840 1376 1847">
     <span class='ocr_line' id='line_1_13' title="bbox 300 1840 1376 1847; baseline -0.001 -1"><span class='ocrx_word' id='word_1_90' title='bbox 300 1842 378 1847; x_wconf 75' lang='lat'><strong>--</strong></span> <span class='ocrx_word' id='word_1_91' title='bbox 390 1841 638 1846; x_wconf 80' lang='lat'>——-—---——-</span> <span class='ocrx_word' id='word_1_92' title='bbox 650 1841 660 1844; x_wconf 61' lang='lat'><strong>⁴</strong></span> <span class='ocrx_word' id='word_1_93' title='bbox 676 1841 758 1845; x_wconf 52' lang='grc' dir='ltr'>..ο-ν-</span> <span class='ocrx_word' id='word_1_94' title='bbox 915 1840 1376 1847; x_wconf 65' lang='lat'><strong><em>——-.-—-—————-</em></strong></span> 
     </span>
    </p>
   </div>
   <div class='ocr_carea' id='block_1_5' title="bbox 298 1885 1379 4057">
    <p class='ocr_par' dir='ltr' id='par_1_5' title="bbox 298 1885 1379 4057">
     <span class='ocr_line' id='line_1_14' title="bbox 373 1885 1377 1952; baseline 0 -16"><span class='ocrx_word' id='word_1_95' title='bbox 373 1891 381 1924; x_wconf 85' lang='lat'>1</span> <span class='ocrx_word' id='word_1_96' title='bbox 400 1891 457 1948; x_wconf 69' lang='lat' dir='ltr'><strong>act.</strong></span> <span class='ocrx_word' id='word_1_97' title='bbox 476 1885 539 1947; x_wconf 85' lang='lat' dir='ltr'>VIII,</span> <span class='ocrx_word' id='word_1_98' title='bbox 554 1889 593 1937; x_wconf 79' lang='lat' dir='ltr'><strong>l&#39;l.</strong></span> <span class='ocrx_word' id='word_1_99' title='bbox 612 1915 644 1922; x_wconf 92' lang='lat'>-</span> <span class='ocrx_word' id='word_1_100' title='bbox 665 1889 675 1923; x_wconf 80' lang='lat'><strong>²</strong></span> <span class='ocrx_word' id='word_1_101' title='bbox 694 1887 747 1936; x_wconf 90' lang='lat' dir='ltr'><strong>Hoc</strong></span> <span class='ocrx_word' id='word_1_102' title='bbox 766 1887 927 1938; x_wconf 86' lang='lat' dir='ltr'><strong>interdictum</strong></span> <span class='ocrx_word' id='word_1_103' title='bbox 946 1888 1060 1952; x_wconf 83' lang='lat' dir='ltr'><strong>prImnm</strong></span> <span class='ocrx_word' id='word_1_104' title='bbox 1078 1888 1207 1937; x_wconf 85' lang='lat' dir='ltr'><strong>invenitur</strong></span> <span class='ocrx_word' id='word_1_105' title='bbox 1226 1887 1253 1936; x_wconf 87' lang='lat' dir='ltr'><strong>ln</strong></span> <span class='ocrx_word' id='word_1_106' title='bbox 1272 1887 1377 1939; x_wconf 91' lang='lat' dir='ltr'><strong>duobus</strong></span> 
     </span>
     <span class='ocr_line' id='line_1_15' title="bbox 299 1969 1376 2036; baseline -0.003 -12"><span class='ocrx_word' id='word_1_107' title='bbox 299 1970 391 2024; x_wconf 88' lang='lat' dir='ltr'><strong>concil.</strong></span> <span class='ocrx_word' id='word_1_108' title='bbox 411 1971 523 2034; x_wconf 82' lang='lat' dir='ltr'><strong>carthag.</strong></span> <span class='ocrx_word' id='word_1_109' title='bbox 541 1973 615 2020; x_wconf 91' lang='lat' dir='ltr'><strong>annis</strong></span> <span class='ocrx_word' id='word_1_110' title='bbox 634 1973 777 2024; x_wconf 72' lang='lat' dir='ltr'><strong>asc-390.</strong></span> <span class='ocrx_word' id='word_1_111' title='bbox 796 1985 852 2022; x_wconf 91' lang='lat' dir='ltr'><strong>can.</strong></span> <span class='ocrx_word' id='word_1_112' title='bbox 865 1970 904 2021; x_wconf 98' lang='lat' dir='ltr'><strong>lll.</strong></span> <span class='ocrx_word' id='word_1_113' title='bbox 942 1969 1108 2032; x_wconf 83' lang='lat' dir='ltr'><strong>„Chrismatis</strong></span> <span class='ocrx_word' id='word_1_114' title='bbox 1125 1971 1251 2021; x_wconf 87' lang='lat' dir='ltr'><strong>conlectio</strong></span> <span class='ocrx_word' id='word_1_115' title='bbox 1264 1976 1290 2021; x_wconf 87' lang='lat' dir='ltr'><strong>et</strong></span> <span class='ocrx_word' id='word_1_116' title='bbox 1302 1971 1376 2036; x_wconf 92' lang='lat' dir='ltr'><strong>puel·</strong></span> 
     </span>
     <span class='ocr_line' id='line_1_16' title="bbox 299 2053 1378 2123; baseline -0.004 -15"><span class='ocrx_word' id='word_1_117' title='bbox 299 2056 384 2108; x_wconf 88' lang='lat' dir='ltr'><strong>larum</strong></span> <span class='ocrx_word' id='word_1_118' title='bbox 397 2056 551 2106; x_wconf 87' lang='lat' dir='ltr'><strong>consecratio</strong></span> <span class='ocrx_word' id='word_1_119' title='bbox 564 2069 579 2105; x_wconf 87' lang='lat' dir='ltr'><strong>a</strong></span> <span class='ocrx_word' id='word_1_120' title='bbox 590 2057 745 2123; x_wconf 84' lang='lat' dir='ltr'><strong>presbyteris</strong></span> <span class='ocrx_word' id='word_1_121' title='bbox 758 2072 811 2106; x_wconf 91' lang='lat' dir='ltr'><strong>non</strong></span> <span class='ocrx_word' id='word_1_122' title='bbox 823 2057 908 2106; x_wconf 79' lang='lat' dir='ltr'><strong>stant“.</strong></span> <span class='ocrx_word' id='word_1_123' title='bbox 944 2055 1027 2105; x_wconf 87' lang='lat' dir='ltr'><strong>Mansi</strong></span> <span class='ocrx_word' id='word_1_124' title='bbox 1038 2054 1077 2116; x_wconf 90' lang='grc' dir='ltr'>ΙΙΙ,</span> <span class='ocrx_word' id='word_1_125' title='bbox 1090 2057 1148 2106; x_wconf 89' lang='grc'><strong>691.</strong></span> <span class='ocrx_word' id='word_1_126' title='bbox 1166 2082 1200 2092; x_wconf 88' lang='grc'>-</span> <span class='ocrx_word' id='word_1_127' title='bbox 1220 2057 1232 2094; x_wconf 79' lang='lat'>³</span> <span class='ocrx_word' id='word_1_128' title='bbox 1251 2053 1378 2105; x_wconf 88' lang='lat' dir='ltr'><strong>Silvester</strong></span> 
     </span>
     <span class='ocr_line' id='line_1_17' title="bbox 300 2138 1379 2206; baseline -0.006 -11"><span class='ocrx_word' id='word_1_129' title='bbox 300 2143 443 2196; x_wconf 82' lang='lat'><strong>314—335.</strong></span> <span class='ocrx_word' id='word_1_130' title='bbox 472 2140 535 2202; x_wconf 79' lang='lat' dir='ltr'><strong>„llic</strong></span> <span class='ocrx_word' id='word_1_131' title='bbox 553 2145 576 2190; x_wconf 90' lang='lat' dir='ltr'><strong>et</strong></span> <span class='ocrx_word' id='word_1_132' title='bbox 588 2140 637 2191; x_wconf 93' lang='lat' dir='ltr'><strong>hoc</strong></span> <span class='ocrx_word' id='word_1_133' title='bbox 649 2143 785 2203; x_wconf 88' lang='lat' dir='ltr'><strong>constituit,</strong></span> <span class='ocrx_word' id='word_1_134' title='bbox 804 2146 832 2190; x_wconf 91' lang='lat' dir='ltr'><strong>ut</strong></span> <span class='ocrx_word' id='word_1_135' title='bbox 844 2141 997 2204; x_wconf 88' lang='lat' dir='ltr'><strong>baptizatum</strong></span> <span class='ocrx_word' id='word_1_136' title='bbox 1015 2139 1101 2191; x_wconf 84' lang='lat' dir='ltr'><strong>liniret</strong></span> <span class='ocrx_word' id='word_1_137' title='bbox 1118 2140 1252 2206; x_wconf 75' lang='lat' dir='ltr'><strong>presbyter</strong></span> <span class='ocrx_word' id='word_1_138' title='bbox 1263 2138 1379 2190; x_wconf 88' lang='lat' dir='ltr'><strong>chrisma</strong></span> 
     </span>
     <span class='ocr_line' id='line_1_18' title="bbox 300 2222 1378 2292; baseline -0.002 -16"><span class='ocrx_word' id='word_1_139' title='bbox 300 2227 414 2278; x_wconf 88' lang='lat' dir='ltr'><strong>levatum</strong></span> <span class='ocrx_word' id='word_1_140' title='bbox 443 2225 474 2274; x_wconf 93' lang='lat' dir='ltr'><strong>de</strong></span> <span class='ocrx_word' id='word_1_141' title='bbox 502 2239 569 2290; x_wconf 87' lang='lat' dir='ltr'><strong>aqua</strong></span> <span class='ocrx_word' id='word_1_142' title='bbox 595 2229 705 2292; x_wconf 81' lang='lat' dir='ltr'><strong>propter</strong></span> <span class='ocrx_word' id='word_1_143' title='bbox 731 2228 898 2277; x_wconf 84' lang='lat' dir='ltr'><strong>occasionem</strong></span> <span class='ocrx_word' id='word_1_144' title='bbox 924 2227 1039 2277; x_wconf 55' lang='lat' dir='ltr'><strong>mortis!</strong></span> <span class='ocrx_word' id='word_1_145' title='bbox 1079 2224 1107 2276; x_wconf 94' lang='lat' dir='ltr'><strong>L.</strong></span> <span class='ocrx_word' id='word_1_146' title='bbox 1129 2241 1154 2289; x_wconf 92' lang='lat' dir='ltr'><strong>p.</strong></span> <span class='ocrx_word' id='word_1_147' title='bbox 1177 2222 1260 2273; x_wconf 91' lang='lat' dir='ltr'><strong>Duch.</strong></span> <span class='ocrx_word' id='word_1_148' title='bbox 1281 2223 1300 2284; x_wconf 85' lang='grc' dir='ltr'><strong>Ι,</strong></span> <span class='ocrx_word' id='word_1_149' title='bbox 1322 2226 1378 2276; x_wconf 79' lang='lat'><strong>171.</strong></span> 
     </span>
     <span class='ocr_line' id='line_1_19' title="bbox 299 2308 1377 2376; baseline -0.003 -15"><span class='ocrx_word' id='word_1_150' title='bbox 299 2311 433 2362; x_wconf 85' lang='lat' dir='ltr'><strong>Decretum</strong></span> <span class='ocrx_word' id='word_1_151' title='bbox 459 2308 599 2360; x_wconf 90' lang='lat' dir='ltr'><strong>Innocentii</strong></span> <span class='ocrx_word' id='word_1_152' title='bbox 618 2310 635 2360; x_wconf 91' lang='lat' dir='ltr'><strong>l.</strong></span> <span class='ocrx_word' id='word_1_153' title='bbox 655 2309 819 2376; x_wconf 79' lang='lat' dir='ltr'><strong>(tol-417),</strong></span> <span class='ocrx_word' id='word_1_154' title='bbox 844 2311 918 2360; x_wconf 91' lang='lat' dir='ltr'><strong>cuius</strong></span> <span class='ocrx_word' id='word_1_155' title='bbox 937 2309 979 2359; x_wconf 92' lang='lat' dir='ltr'><strong>W.</strong></span> <span class='ocrx_word' id='word_1_156' title='bbox 1005 2308 1047 2359; x_wconf 90' lang='lat' dir='ltr'><strong>hic</strong></span> <span class='ocrx_word' id='word_1_157' title='bbox 1072 2311 1228 2360; x_wconf 89' lang='lat' dir='ltr'><strong>mentionem</strong></span> <span class='ocrx_word' id='word_1_158' title='bbox 1248 2308 1320 2369; x_wconf 87' lang='lat' dir='ltr'><strong>lacit,</strong></span> <span class='ocrx_word' id='word_1_159' title='bbox 1339 2309 1377 2358; x_wconf 91' lang='lat' dir='ltr'><strong>in·</strong></span> 
     </span>
     <span class='ocr_line' id='line_1_20' title="bbox 299 2393 1379 2458; baseline -0.004 -12"><span class='ocrx_word' id='word_1_160' title='bbox 299 2397 389 2446; x_wconf 90' lang='lat' dir='ltr'><strong>venies</strong></span> <span class='ocrx_word' id='word_1_161' title='bbox 408 2397 434 2444; x_wconf 94' lang='lat' dir='ltr'><strong>in</strong></span> <span class='ocrx_word' id='word_1_162' title='bbox 454 2395 471 2445; x_wconf 95' lang='lat' dir='ltr'><strong>l.</strong></span> <span class='ocrx_word' id='word_1_163' title='bbox 490 2395 562 2458; x_wconf 87' lang='lat' dir='ltr'><strong>episi.</strong></span> <span class='ocrx_word' id='word_1_164' title='bbox 585 2393 619 2442; x_wconf 89' lang='lat' dir='ltr'><strong>ad</strong></span> <span class='ocrx_word' id='word_1_165' title='bbox 641 2393 742 2445; x_wconf 87' lang='lat' dir='ltr'><strong>Decent.</strong></span> <span class='ocrx_word' id='word_1_166' title='bbox 761 2410 782 2444; x_wconf 92' lang='lat' dir='ltr'><strong>c.</strong></span> <span class='ocrx_word' id='word_1_167' title='bbox 802 2398 825 2446; x_wconf 90' lang='grc'><strong>3.</strong></span> <span class='ocrx_word' id='word_1_168' title='bbox 863 2393 914 2454; x_wconf 82' lang='lat' dir='ltr'><strong>„lle</strong></span> <span class='ocrx_word' id='word_1_169' title='bbox 935 2394 1118 2457; x_wconf 83' lang='lat' dir='ltr'><strong>consignandis</strong></span> <span class='ocrx_word' id='word_1_170' title='bbox 1145 2409 1206 2444; x_wconf 88' lang='lat' dir='ltr'><strong>vero</strong></span> <span class='ocrx_word' id='word_1_171' title='bbox 1233 2393 1379 2444; x_wconf 78' lang='lat' dir='ltr'><strong>infantibus</strong></span> 
     </span>
     <span class='ocr_line' id='line_1_21' title="bbox 300 2477 1379 2544; baseline -0.002 -14"><span class='ocrx_word' id='word_1_172' title='bbox 300 2480 466 2531; x_wconf 78' lang='lat' dir='ltr'><strong>manifestum</strong></span> <span class='ocrx_word' id='word_1_173' title='bbox 485 2484 529 2541; x_wconf 90' lang='lat' dir='ltr'><strong>est,</strong></span> <span class='ocrx_word' id='word_1_174' title='bbox 551 2494 602 2528; x_wconf 91' lang='lat' dir='ltr'><strong>non</strong></span> <span class='ocrx_word' id='word_1_175' title='bbox 621 2479 653 2528; x_wconf 91' lang='lat' dir='ltr'><strong>ab</strong></span> <span class='ocrx_word' id='word_1_176' title='bbox 671 2478 722 2528; x_wconf 92' lang='lat' dir='ltr'><strong>alio</strong></span> <span class='ocrx_word' id='word_1_177' title='bbox 740 2493 818 2544; x_wconf 89' lang='lat' dir='ltr'><strong>quam</strong></span> <span class='ocrx_word' id='word_1_178' title='bbox 837 2479 869 2529; x_wconf 90' lang='lat' dir='ltr'><strong>ab</strong></span> <span class='ocrx_word' id='word_1_179' title='bbox 886 2480 1007 2542; x_wconf 89' lang='lat' dir='ltr'><strong>episcopo</strong></span> <span class='ocrx_word' id='word_1_180' title='bbox 1024 2479 1079 2529; x_wconf 88' lang='lat' dir='ltr'><strong>fieri</strong></span> <span class='ocrx_word' id='word_1_181' title='bbox 1097 2477 1183 2528; x_wconf 82' lang='lat' dir='ltr'><strong>licere.</strong></span> <span class='ocrx_word' id='word_1_182' title='bbox 1219 2477 1286 2527; x_wconf 91' lang='lat' dir='ltr'><strong>Nam</strong></span> <span class='ocrx_word' id='word_1_183' title='bbox 1305 2493 1379 2543; x_wconf 88' lang='lat' dir='ltr'><strong>pres-</strong></span> 
     </span>
     <span class='ocr_line' id='line_1_22' title="bbox 300 2561 1377 2630; baseline -0.002 -13"><span class='ocrx_word' id='word_1_184' title='bbox 300 2565 398 2630; x_wconf 81' lang='lat' dir='ltr'><strong>byteri,</strong></span> <span class='ocrx_word' id='word_1_185' title='bbox 425 2563 483 2613; x_wconf 87' lang='lat' dir='ltr'><strong>licet</strong></span> <span class='ocrx_word' id='word_1_186' title='bbox 510 2565 560 2612; x_wconf 86' lang='lat' dir='ltr'><strong>sint</strong></span> <span class='ocrx_word' id='word_1_187' title='bbox 587 2563 744 2626; x_wconf 88' lang='lat' dir='ltr'><strong>sacerdotes,</strong></span> <span class='ocrx_word' id='word_1_188' title='bbox 769 2564 931 2627; x_wconf 84' lang='lat' dir='ltr'><strong>pontificatus</strong></span> <span class='ocrx_word' id='word_1_189' title='bbox 957 2568 1043 2612; x_wconf 91' lang='lat' dir='ltr'><strong>tamen</strong></span> <span class='ocrx_word' id='word_1_190' title='bbox 1070 2564 1168 2626; x_wconf 85' lang='lat' dir='ltr'><strong>apicem</strong></span> <span class='ocrx_word' id='word_1_191' title='bbox 1196 2577 1248 2611; x_wconf 92' lang='lat' dir='ltr'><strong>non</strong></span> <span class='ocrx_word' id='word_1_192' title='bbox 1270 2561 1377 2615; x_wconf 88' lang='lat' dir='ltr'><strong>habent.</strong></span> 
     </span>
     <span class='ocr_line' id='line_1_23' title="bbox 302 2646 1377 2711; baseline -0.001 -13"><span class='ocrx_word' id='word_1_193' title='bbox 302 2649 373 2699; x_wconf 88' lang='lat' dir='ltr'><strong>Haec</strong></span> <span class='ocrx_word' id='word_1_194' title='bbox 390 2652 475 2698; x_wconf 89' lang='lat' dir='ltr'><strong>autem</strong></span> <span class='ocrx_word' id='word_1_195' title='bbox 493 2646 657 2710; x_wconf 89' lang='lat' dir='ltr'><strong>pontificibus</strong></span> <span class='ocrx_word' id='word_1_196' title='bbox 676 2647 738 2698; x_wconf 93' lang='lat' dir='ltr'><strong>solis</strong></span> <span class='ocrx_word' id='word_1_197' title='bbox 756 2648 856 2710; x_wconf 90' lang='lat' dir='ltr'><strong>deberi,</strong></span> <span class='ocrx_word' id='word_1_198' title='bbox 880 2653 907 2698; x_wconf 89' lang='lat' dir='ltr'><strong>ut</strong></span> <span class='ocrx_word' id='word_1_199' title='bbox 925 2647 965 2698; x_wconf 93' lang='lat' dir='ltr'><strong>vel</strong></span> <span class='ocrx_word' id='word_1_200' title='bbox 984 2649 1135 2711; x_wconf 77' lang='lat' dir='ltr'><strong>consIgnent</strong></span> <span class='ocrx_word' id='word_1_201' title='bbox 1154 2646 1195 2697; x_wconf 89' lang='lat' dir='ltr'><strong>vel</strong></span> <span class='ocrx_word' id='word_1_202' title='bbox 1213 2646 1377 2698; x_wconf 86' lang='lat' dir='ltr'><strong>Paracletum</strong></span> 
     </span>
     <span class='ocr_line' id='line_1_24' title="bbox 303 2731 1377 2798; baseline 0 -15"><span class='ocrx_word' id='word_1_203' title='bbox 303 2732 428 2798; x_wconf 89' lang='lat' dir='ltr'><strong>Spiritum</strong></span> <span class='ocrx_word' id='word_1_204' title='bbox 447 2731 548 2782; x_wconf 90' lang='lat' dir='ltr'><strong>tradant</strong></span> <span class='ocrx_word' id='word_1_205' title='bbox 566 2747 618 2780; x_wconf 92' lang='lat' dir='ltr'><strong>non</strong></span> <span class='ocrx_word' id='word_1_206' title='bbox 636 2731 721 2782; x_wconf 93' lang='lat' dir='ltr'><strong>solum</strong></span> <span class='ocrx_word' id='word_1_207' title='bbox 740 2732 899 2782; x_wconf 87' lang='lat' dir='ltr'><strong>consuetudo</strong></span> <span class='ocrx_word' id='word_1_208' title='bbox 915 2731 1084 2782; x_wconf 89' lang='lat' dir='ltr'><strong>ecclesiastica</strong></span> <span class='ocrx_word' id='word_1_209' title='bbox 1100 2731 1266 2793; x_wconf 87' lang='lat' dir='ltr'><strong>demonstrat,</strong></span> <span class='ocrx_word' id='word_1_210' title='bbox 1286 2748 1377 2782; x_wconf 90' lang='lat' dir='ltr'><strong>verum</strong></span> 
     </span>
     <span class='ocr_line' id='line_1_25' title="bbox 299 2814 1378 2880; baseline -0.003 -12"><span class='ocrx_word' id='word_1_211' title='bbox 299 2823 324 2868; x_wconf 88' lang='lat' dir='ltr'><strong>et</strong></span> <span class='ocrx_word' id='word_1_212' title='bbox 348 2815 393 2866; x_wconf 90' lang='lat' dir='ltr'><strong>illa</strong></span> <span class='ocrx_word' id='word_1_213' title='bbox 415 2814 491 2866; x_wconf 90' lang='lat' dir='ltr'><strong>lectio</strong></span> <span class='ocrx_word' id='word_1_214' title='bbox 513 2816 626 2867; x_wconf 83' lang='lat' dir='ltr'><strong>Actuum</strong></span> <span class='ocrx_word' id='word_1_215' title='bbox 646 2815 843 2880; x_wconf 89' lang='lat' dir='ltr'><strong>Apostolorum,</strong></span> <span class='ocrx_word' id='word_1_216' title='bbox 871 2831 936 2880; x_wconf 92' lang='lat' dir='ltr'><strong>quae</strong></span> <span class='ocrx_word' id='word_1_217' title='bbox 960 2816 1055 2876; x_wconf 87' lang='lat' dir='ltr'><strong>asserit,</strong></span> <span class='ocrx_word' id='word_1_218' title='bbox 1083 2816 1185 2866; x_wconf 86' lang='lat' dir='ltr'><strong>Petrum</strong></span> <span class='ocrx_word' id='word_1_219' title='bbox 1210 2821 1234 2866; x_wconf 88' lang='lat' dir='ltr'><strong>et</strong></span> <span class='ocrx_word' id='word_1_220' title='bbox 1252 2814 1378 2867; x_wconf 89' lang='lat' dir='ltr'><strong>loannem</strong></span> 
     </span>
     <span class='ocr_line' id='line_1_26' title="bbox 300 2899 1377 2966; baseline -0.002 -14"><span class='ocrx_word' id='word_1_221' title='bbox 300 2917 356 2952; x_wconf 89' lang='lat' dir='ltr'><strong>esse</strong></span> <span class='ocrx_word' id='word_1_222' title='bbox 378 2900 501 2962; x_wconf 81' lang='lat' dir='ltr'><strong>directoS,</strong></span> <span class='ocrx_word' id='word_1_223' title='bbox 530 2902 574 2966; x_wconf 86' lang='lat' dir='ltr'><strong>qui</strong></span> <span class='ocrx_word' id='word_1_224' title='bbox 601 2902 653 2950; x_wconf 90' lang='lat' dir='ltr'><strong>iam</strong></span> <span class='ocrx_word' id='word_1_225' title='bbox 678 2901 812 2965; x_wconf 88' lang='lat' dir='ltr'><strong>baptizatis</strong></span> <span class='ocrx_word' id='word_1_226' title='bbox 843 2900 970 2950; x_wconf 85' lang='lat' dir='ltr'><strong>traderent</strong></span> <span class='ocrx_word' id='word_1_227' title='bbox 996 2900 1112 2964; x_wconf 90' lang='lat' dir='ltr'><strong>spiritum</strong></span> <span class='ocrx_word' id='word_1_228' title='bbox 1139 2905 1264 2950; x_wconf 90' lang='lat' dir='ltr'><strong>sanctum.</strong></span> <span class='ocrx_word' id='word_1_229' title='bbox 1311 2899 1377 2950; x_wconf 87' lang='lat' dir='ltr'><strong>Nam</strong></span> 
     </span>
     <span class='ocr_line' id='line_1_27' title="bbox 299 2985 1378 3053; baseline -0.003 -16"><span class='ocrx_word' id='word_1_230' title='bbox 299 2986 456 3053; x_wconf 80' lang='lat' dir='ltr'><strong>presbyteris</strong></span> <span class='ocrx_word' id='word_1_231' title='bbox 491 3001 535 3035; x_wconf 91' lang='lat' dir='ltr'><strong>seu</strong></span> <span class='ocrx_word' id='word_1_232' title='bbox 569 2990 639 3035; x_wconf 85' lang='lat' dir='ltr'><strong>extra</strong></span> <span class='ocrx_word' id='word_1_233' title='bbox 670 2986 820 3049; x_wconf 89' lang='lat' dir='ltr'><strong>episcopum</strong></span> <span class='ocrx_word' id='word_1_234' title='bbox 857 3001 903 3035; x_wconf 93' lang='lat' dir='ltr'><strong>seu</strong></span> <span class='ocrx_word' id='word_1_235' title='bbox 933 2990 1065 3049; x_wconf 87' lang='lat' dir='ltr'><strong>praesente</strong></span> <span class='ocrx_word' id='word_1_236' title='bbox 1091 2986 1211 3050; x_wconf 88' lang='lat' dir='ltr'><strong>episcopo</strong></span> <span class='ocrx_word' id='word_1_237' title='bbox 1237 2985 1378 3049; x_wconf 89' lang='lat' dir='ltr'><strong>baptizant,</strong></span> 
     </span>
     <span class='ocr_line' id='line_1_28' title="bbox 299 3069 1377 3134; baseline -0.001 -13"><span class='ocrx_word' id='word_1_238' title='bbox 299 3070 438 3122; x_wconf 84' lang='lat' dir='ltr'><strong>chrismate</strong></span> <span class='ocrx_word' id='word_1_239' title='bbox 460 3070 600 3132; x_wconf 88' lang='lat' dir='ltr'><strong>baptizatos</strong></span> <span class='ocrx_word' id='word_1_240' title='bbox 626 3085 721 3134; x_wconf 88' lang='lat' dir='ltr'><strong>ungere</strong></span> <span class='ocrx_word' id='word_1_241' title='bbox 747 3069 818 3130; x_wconf 91' lang='lat' dir='ltr'><strong>licet,</strong></span> <span class='ocrx_word' id='word_1_242' title='bbox 846 3069 891 3119; x_wconf 91' lang='lat' dir='ltr'><strong>sed</strong></span> <span class='ocrx_word' id='word_1_243' title='bbox 917 3069 987 3133; x_wconf 89' lang='lat' dir='ltr'><strong>quod</strong></span> <span class='ocrx_word' id='word_1_244' title='bbox 1012 3069 1044 3119; x_wconf 89' lang='lat' dir='ltr'><strong>ab</strong></span> <span class='ocrx_word' id='word_1_245' title='bbox 1068 3071 1187 3134; x_wconf 90' lang='lat' dir='ltr'><strong>episeopo</strong></span> <span class='ocrx_word' id='word_1_246' title='bbox 1210 3070 1289 3119; x_wconf 88' lang='lat' dir='ltr'><strong>luerit</strong></span> <span class='ocrx_word' id='word_1_247' title='bbox 1315 3085 1377 3120; x_wconf 91' lang='lat' dir='ltr'><strong>con·</strong></span> 
     </span>
     <span class='ocr_line' id='line_1_29' title="bbox 301 3151 1378 3218; baseline 0 -13"><span class='ocrx_word' id='word_1_248' title='bbox 301 3157 436 3213; x_wconf 83' lang='lat' dir='ltr'><strong>secretum,</strong></span> <span class='ocrx_word' id='word_1_249' title='bbox 461 3168 512 3203; x_wconf 91' lang='lat' dir='ltr'><strong>non</strong></span> <span class='ocrx_word' id='word_1_250' title='bbox 531 3159 617 3204; x_wconf 89' lang='lat' dir='ltr'><strong>tamen</strong></span> <span class='ocrx_word' id='word_1_251' title='bbox 634 3155 743 3205; x_wconf 77' lang='lat' dir='ltr'><strong>frontem</strong></span> <span class='ocrx_word' id='word_1_252' title='bbox 762 3170 794 3204; x_wconf 90' lang='lat' dir='ltr'><strong>ex</strong></span> <span class='ocrx_word' id='word_1_253' title='bbox 811 3152 900 3204; x_wconf 90' lang='lat' dir='ltr'><strong>eodem</strong></span> <span class='ocrx_word' id='word_1_254' title='bbox 920 3151 977 3203; x_wconf 92' lang='lat' dir='ltr'><strong>oleo</strong></span> <span class='ocrx_word' id='word_1_255' title='bbox 996 3153 1141 3217; x_wconf 88' lang='lat' dir='ltr'><strong>assignare,</strong></span> <span class='ocrx_word' id='word_1_256' title='bbox 1159 3154 1230 3218; x_wconf 85' lang='lat' dir='ltr'><strong>quod</strong></span> <span class='ocrx_word' id='word_1_257' title='bbox 1248 3152 1313 3204; x_wconf 91' lang='lat' dir='ltr'><strong>solis</strong></span> <span class='ocrx_word' id='word_1_258' title='bbox 1331 3155 1378 3205; x_wconf 92' lang='lat' dir='ltr'><strong>de-</strong></span> 
     </span>
     <span class='ocr_line' id='line_1_30' title="bbox 300 3235 1377 3302; baseline 0.002 -13"><span class='ocrx_word' id='word_1_259' title='bbox 300 3238 373 3289; x_wconf 89' lang='lat' dir='ltr'><strong>betur</strong></span> <span class='ocrx_word' id='word_1_260' title='bbox 391 3238 526 3302; x_wconf 89' lang='lat' dir='ltr'><strong>episcopis,</strong></span> <span class='ocrx_word' id='word_1_261' title='bbox 548 3253 608 3288; x_wconf 93' lang='lat' dir='ltr'><strong>cum</strong></span> <span class='ocrx_word' id='word_1_262' title='bbox 631 3237 735 3288; x_wconf 90' lang='lat' dir='ltr'><strong>tradunt</strong></span> <span class='ocrx_word' id='word_1_263' title='bbox 753 3235 877 3302; x_wconf 87' lang='lat' dir='ltr'><strong>Spiritum</strong></span> <span class='ocrx_word' id='word_1_264' title='bbox 894 3236 1078 3289; x_wconf 84' lang='lat' dir='ltr'><strong>Paracletum.“</strong></span> <span class='ocrx_word' id='word_1_265' title='bbox 1115 3237 1202 3302; x_wconf 90' lang='lat' dir='ltr'><strong>Migne</strong></span> <span class='ocrx_word' id='word_1_266' title='bbox 1221 3253 1241 3287; x_wconf 89' lang='lat' dir='ltr'><strong>s.</strong></span> <span class='ocrx_word' id='word_1_267' title='bbox 1261 3238 1279 3288; x_wconf 93' lang='lat' dir='ltr'><strong>l.</strong></span> <span class='ocrx_word' id='word_1_268' title='bbox 1298 3243 1316 3289; x_wconf 90' lang='lat' dir='ltr'><strong>t.</strong></span> <span class='ocrx_word' id='word_1_269' title='bbox 1334 3241 1377 3299; x_wconf 86' lang='lat'><strong>20,</strong></span> 
     </span>
     <span class='ocr_line' id='line_1_31' title="bbox 299 3320 1377 3388; baseline 0.002 -16"><span class='ocrx_word' id='word_1_270' title='bbox 299 3337 359 3387; x_wconf 90' lang='lat' dir='ltr'><strong>pag.</strong></span> <span class='ocrx_word' id='word_1_271' title='bbox 378 3325 435 3373; x_wconf 81' lang='lat'><strong>554.</strong></span> <span class='ocrx_word' id='word_1_272' title='bbox 471 3323 506 3372; x_wconf 90' lang='lat' dir='ltr'><strong>De</strong></span> <span class='ocrx_word' id='word_1_273' title='bbox 524 3326 660 3372; x_wconf 87' lang='lat' dir='ltr'><strong>consecret.</strong></span> <span class='ocrx_word' id='word_1_274' title='bbox 680 3321 741 3372; x_wconf 86' lang='lat' dir='ltr'><strong>llist.</strong></span> <span class='ocrx_word' id='word_1_275' title='bbox 760 3320 803 3382; x_wconf 90' lang='lat' dir='ltr'><strong>IV,</strong></span> <span class='ocrx_word' id='word_1_276' title='bbox 817 3336 837 3371; x_wconf 93' lang='lat' dir='ltr'><strong>c.</strong></span> <span class='ocrx_word' id='word_1_277' title='bbox 858 3323 914 3372; x_wconf 85' lang='lat'><strong>119.</strong></span> <span class='ocrx_word' id='word_1_278' title='bbox 951 3322 998 3371; x_wconf 91' lang='lat' dir='ltr'><strong>Hic</strong></span> <span class='ocrx_word' id='word_1_279' title='bbox 1015 3322 1209 3387; x_wconf 88' lang='lat' dir='ltr'><strong>distinguuntur</strong></span> <span class='ocrx_word' id='word_1_280' title='bbox 1227 3337 1291 3388; x_wconf 86' lang='lat' dir='ltr'><strong>ergo</strong></span> <span class='ocrx_word' id='word_1_281' title='bbox 1310 3323 1377 3374; x_wconf 90' lang='lat' dir='ltr'><strong>duae</strong></span> 
     </span>
     <span class='ocr_line' id='line_1_32' title="bbox 299 3405 1377 3472; baseline 0.002 -15"><span class='ocrx_word' id='word_1_282' title='bbox 299 3407 433 3457; x_wconf 89' lang='lat' dir='ltr'><strong>unctiones</strong></span> <span class='ocrx_word' id='word_1_283' title='bbox 450 3405 613 3457; x_wconf 84' lang='lat' dir='ltr'><strong>chrismales:</strong></span> <span class='ocrx_word' id='word_1_284' title='bbox 632 3421 683 3456; x_wconf 88' lang='lat' dir='ltr'><strong>una</strong></span> <span class='ocrx_word' id='word_1_285' title='bbox 701 3406 859 3468; x_wconf 83' lang='lat' dir='ltr'><strong>baptismatis</strong></span> <span class='ocrx_word' id='word_1_286' title='bbox 878 3407 954 3456; x_wconf 89' lang='lat' dir='ltr'><strong>etiam</strong></span> <span class='ocrx_word' id='word_1_287' title='bbox 973 3407 1128 3472; x_wconf 81' lang='lat' dir='ltr'><strong>presbyteris</strong></span> <span class='ocrx_word' id='word_1_288' title='bbox 1147 3421 1278 3470; x_wconf 87' lang='lat' dir='ltr'><strong>concessa,</strong></span> <span class='ocrx_word' id='word_1_289' title='bbox 1298 3408 1377 3459; x_wconf 85' lang='lat' dir='ltr'><strong>altera</strong></span> 
     </span>
     <span class='ocr_line' id='line_1_33' title="bbox 298 3488 1376 3555; baseline 0 -15"><span class='ocrx_word' id='word_1_290' title='bbox 298 3490 502 3540; x_wconf 88' lang='lat' dir='ltr'><strong>confirmationis</strong></span> <span class='ocrx_word' id='word_1_291' title='bbox 520 3489 582 3540; x_wconf 89' lang='lat' dir='ltr'><strong>solis</strong></span> <span class='ocrx_word' id='word_1_292' title='bbox 600 3491 727 3555; x_wconf 91' lang='lat' dir='ltr'><strong>episcopis</strong></span> <span class='ocrx_word' id='word_1_293' title='bbox 750 3495 884 3539; x_wconf 90' lang='lat' dir='ltr'><strong>reservata.</strong></span> <span class='ocrx_word' id='word_1_294' title='bbox 921 3488 989 3540; x_wconf 90' lang='lat' dir='ltr'><strong>Haec</strong></span> <span class='ocrx_word' id='word_1_295' title='bbox 1011 3490 1169 3541; x_wconf 89' lang='lat' dir='ltr'><strong>consuetudo</strong></span> <span class='ocrx_word' id='word_1_296' title='bbox 1192 3507 1303 3543; x_wconf 87' lang='lat' dir='ltr'><strong>romana</strong></span> <span class='ocrx_word' id='word_1_297' title='bbox 1324 3498 1376 3545; x_wconf 85' lang='lat' dir='ltr'><strong>erat</strong></span> 
     </span>
     <span class='ocr_line' id='line_1_34' title="bbox 298 3572 1374 3640; baseline 0.003 -17"><span class='ocrx_word' id='word_1_298' title='bbox 298 3579 385 3626; x_wconf 89' lang='lat' dir='ltr'><strong>autem</strong></span> <span class='ocrx_word' id='word_1_299' title='bbox 405 3589 456 3624; x_wconf 94' lang='lat' dir='ltr'><strong>non</strong></span> <span class='ocrx_word' id='word_1_300' title='bbox 473 3574 627 3638; x_wconf 87' lang='lat' dir='ltr'><strong>generaliter</strong></span> <span class='ocrx_word' id='word_1_301' title='bbox 644 3577 744 3637; x_wconf 87' lang='lat' dir='ltr'><strong>recepta</strong></span> <span class='ocrx_word' id='word_1_302' title='bbox 762 3575 788 3624; x_wconf 90' lang='lat' dir='ltr'><strong>in</strong></span> <span class='ocrx_word' id='word_1_303' title='bbox 806 3573 920 3624; x_wconf 89' lang='lat' dir='ltr'><strong>ecclesiis</strong></span> <span class='ocrx_word' id='word_1_304' title='bbox 938 3572 1089 3635; x_wconf 85' lang='lat' dir='ltr'><strong>Occidentis,</strong></span> <span class='ocrx_word' id='word_1_305' title='bbox 1108 3576 1178 3640; x_wconf 93' lang='lat' dir='ltr'><strong>quod</strong></span> <span class='ocrx_word' id='word_1_306' title='bbox 1195 3575 1374 3640; x_wconf 87' lang='lat' dir='ltr'><strong>intellegimus</strong></span> 
     </span>
     <span class='ocr_line' id='line_1_35' title="bbox 298 3656 1374 3726; baseline 0 -18"><span class='ocrx_word' id='word_1_307' title='bbox 298 3675 330 3708; x_wconf 85' lang='lat' dir='ltr'><strong>ex</strong></span> <span class='ocrx_word' id='word_1_308' title='bbox 343 3673 397 3708; x_wconf 90' lang='lat' dir='ltr'><strong>can.</strong></span> <span class='ocrx_word' id='word_1_309' title='bbox 411 3657 438 3707; x_wconf 92' lang='lat' dir='ltr'><strong>ll.</strong></span> <span class='ocrx_word' id='word_1_310' title='bbox 458 3657 551 3724; x_wconf 77' lang='lat' dir='ltr'><strong>synod.</strong></span> <span class='ocrx_word' id='word_1_311' title='bbox 564 3657 671 3706; x_wconf 87' lang='lat' dir='ltr'><strong>arausic.</strong></span> <span class='ocrx_word' id='word_1_312' title='bbox 685 3672 744 3708; x_wconf 88' lang='lat' dir='ltr'><strong>ann.</strong></span> <span class='ocrx_word' id='word_1_313' title='bbox 757 3659 819 3708; x_wconf 83' lang='lat' dir='ltr'><strong>tlt:</strong></span> <span class='ocrx_word' id='word_1_314' title='bbox 839 3656 948 3718; x_wconf 85' lang='lat' dir='ltr'><strong>„Nullus</strong></span> <span class='ocrx_word' id='word_1_315' title='bbox 960 3660 1144 3719; x_wconf 88' lang='lat' dir='ltr'><strong>ministrorum,</strong></span> <span class='ocrx_word' id='word_1_316' title='bbox 1163 3660 1208 3724; x_wconf 90' lang='lat' dir='ltr'><strong>qui</strong></span> <span class='ocrx_word' id='word_1_317' title='bbox 1227 3660 1374 3726; x_wconf 87' lang='lat' dir='ltr'><strong>baptizandi</strong></span> 
     </span>
     <span class='ocr_line' id='line_1_36' title="bbox 299 3739 1373 3808; baseline 0.002 -17"><span class='ocrx_word' id='word_1_318' title='bbox 299 3743 393 3806; x_wconf 87' lang='lat' dir='ltr'><strong>recepit</strong></span> <span class='ocrx_word' id='word_1_319' title='bbox 411 3742 535 3797; x_wconf 79' lang='lat' dir='ltr'><strong>officinm,</strong></span> <span class='ocrx_word' id='word_1_320' title='bbox 553 3741 609 3790; x_wconf 89' lang='lat' dir='ltr'><strong>sine</strong></span> <span class='ocrx_word' id='word_1_321' title='bbox 626 3739 764 3790; x_wconf 86' lang='lat' dir='ltr'><strong>chrismate</strong></span> <span class='ocrx_word' id='word_1_322' title='bbox 782 3755 889 3805; x_wconf 89' lang='lat' dir='ltr'><strong>usquam</strong></span> <span class='ocrx_word' id='word_1_323' title='bbox 907 3741 999 3792; x_wconf 89' lang='lat' dir='ltr'><strong>debere</strong></span> <span class='ocrx_word' id='word_1_324' title='bbox 1016 3744 1145 3806; x_wconf 86' lang='lat' dir='ltr'><strong>progredi,</strong></span> <span class='ocrx_word' id='word_1_325' title='bbox 1164 3744 1225 3808; x_wconf 88' lang='lat' dir='ltr'><strong>quia</strong></span> <span class='ocrx_word' id='word_1_326' title='bbox 1243 3744 1373 3797; x_wconf 87' lang='lat' dir='ltr'><strong>internos</strong></span> 
     </span>
     <span class='ocr_line' id='line_1_37' title="bbox 299 3823 1372 3895; baseline 0.002 -20"><span class='ocrx_word' id='word_1_327' title='bbox 299 3826 395 3889; x_wconf 91' lang='lat' dir='ltr'><strong>placuit</strong></span> <span class='ocrx_word' id='word_1_328' title='bbox 417 3825 497 3876; x_wconf 85' lang='lat' dir='ltr'><strong>semel</strong></span> <span class='ocrx_word' id='word_1_329' title='bbox 521 3824 663 3874; x_wconf 87' lang='lat' dir='ltr'><strong>chrismari.</strong></span> <span class='ocrx_word' id='word_1_330' title='bbox 700 3823 735 3873; x_wconf 86' lang='lat' dir='ltr'><strong>De</strong></span> <span class='ocrx_word' id='word_1_331' title='bbox 757 3840 787 3874; x_wconf 92' lang='lat' dir='ltr'><strong>eo</strong></span> <span class='ocrx_word' id='word_1_332' title='bbox 809 3829 905 3885; x_wconf 89' lang='lat' dir='ltr'><strong>autem,</strong></span> <span class='ocrx_word' id='word_1_333' title='bbox 928 3826 973 3888; x_wconf 90' lang='lat' dir='ltr'><strong>qui</strong></span> <span class='ocrx_word' id='word_1_334' title='bbox 994 3827 1020 3874; x_wconf 91' lang='lat' dir='ltr'><strong>in</strong></span> <span class='ocrx_word' id='word_1_335' title='bbox 1044 3825 1195 3891; x_wconf 87' lang='lat' dir='ltr'><strong>baptismate</strong></span> <span class='ocrx_word' id='word_1_336' title='bbox 1218 3843 1372 3895; x_wconf 88' lang='lat' dir='ltr'><strong>quacunque</strong></span> 
     </span>
     <span class='ocr_line' id='line_1_38' title="bbox 300 3906 1373 3968; baseline 0.004 -10"><span class='ocrx_word' id='word_1_337' title='bbox 300 3910 449 3960; x_wconf 87' lang='lat' dir='ltr'><strong>necessitate</strong></span> <span class='ocrx_word' id='word_1_338' title='bbox 466 3909 574 3959; x_wconf 79' lang='lat' dir='ltr'><strong>lactente</strong></span> <span class='ocrx_word' id='word_1_339' title='bbox 586 3923 637 3958; x_wconf 91' lang='lat' dir='ltr'><strong>non</strong></span> <span class='ocrx_word' id='word_1_340' title='bbox 650 3906 803 3958; x_wconf 87' lang='lat' dir='ltr'><strong>chrismatus</strong></span> <span class='ocrx_word' id='word_1_341' title='bbox 815 3908 897 3968; x_wconf 78' lang='lat' dir='ltr'><strong>luent,</strong></span> <span class='ocrx_word' id='word_1_342' title='bbox 915 3909 942 3958; x_wconf 93' lang='lat' dir='ltr'><strong>in</strong></span> <span class='ocrx_word' id='word_1_343' title='bbox 959 3911 1151 3964; x_wconf 82' lang='lat' dir='ltr'><strong>confirmatione</strong></span> <span class='ocrx_word' id='word_1_344' title='bbox 1169 3911 1293 3964; x_wconf 84' lang='lat' dir='ltr'><strong>sacerdos</strong></span> <span class='ocrx_word' id='word_1_345' title='bbox 1306 3927 1373 3964; x_wconf 89' lang='lat' dir='ltr'><strong>com·</strong></span> 
     </span>
     <span class='ocr_line' id='line_1_39' title="bbox 300 3991 1374 4057; baseline 0.003 -15"><span class='ocrx_word' id='word_1_346' title='bbox 300 3993 454 4043; x_wconf 88' lang='lat' dir='ltr'><strong>monebitur.</strong></span> <span class='ocrx_word' id='word_1_347' title='bbox 481 3991 547 4044; x_wconf 89' lang='lat' dir='ltr'><strong>Nam</strong></span> <span class='ocrx_word' id='word_1_348' title='bbox 565 3993 631 4043; x_wconf 82' lang='lat' dir='ltr'><strong>Inter</strong></span> <span class='ocrx_word' id='word_1_349' title='bbox 644 3991 772 4057; x_wconf 85' lang='lat' dir='ltr'><strong>quoslibet</strong></span> <span class='ocrx_word' id='word_1_350' title='bbox 783 3991 928 4042; x_wconf 85' lang='lat' dir='ltr'><strong>chrismatis</strong></span> <span class='ocrx_word' id='word_1_351' title='bbox 940 3993 1020 4057; x_wconf 89' lang='lat' dir='ltr'><strong>ipsius</strong></span> <span class='ocrx_word' id='word_1_352' title='bbox 1032 4009 1084 4046; x_wconf 93' lang='lat' dir='ltr'><strong>non</strong></span> <span class='ocrx_word' id='word_1_353' title='bbox 1098 3997 1146 4046; x_wconf 91' lang='lat' dir='ltr'><strong>nisi</strong></span> <span class='ocrx_word' id='word_1_354' title='bbox 1160 4010 1213 4046; x_wconf 90' lang='lat' dir='ltr'><strong>una</strong></span> <span class='ocrx_word' id='word_1_355' title='bbox 1230 3996 1374 4048; x_wconf 89' lang='lat' dir='ltr'><strong>benedictio</strong></span> 
     </span>
    </p>
   </div>
   <div class='ocr_carea' id='block_1_6' title="bbox 0 0 1482 4766">
    <p class='ocr_par' dir='ltr' id='par_1_6' title="bbox 0 0 1482 4766">
     <span class='ocr_line' id='line_1_40' title="bbox 0 0 1482 4766; baseline 0 0"><span class='ocrx_word' id='word_1_356' title='bbox 0 0 1482 4766; x_wconf 95' lang='lat' dir='ltr'><strong> </strong></span> 
     </span>
    </p>
   </div>
  </div>
 </body>
</html>
