2956 4766
696 394 895 455 ..98..

263 566 397 642 populus
412 564 495 639 prior
510 543 661 640 legalibus
676 564 822 624 institutis
838 565 1021 626 deserviens
1045 565 1194 639 sanguine
1218 565 1326 626 lustra·

263 671 353 731 batur
365 671 384 739 1,
401 668 444 728 ita
459 683 560 728 novus
574 665 810 726 christianorum
827 667 962 742 populus
976 665 1118 740 baptismi
1135 673 1326 728 sacramento
1460 683 1461 710 ³

261 777 388 832 renatus
417 771 507 846 digne
530 785 613 846 aqua
641 768 805 828 benedicta
828 767 1012 844 aspergitur,
1043 774 1076 828 ul
1098 768 1180 830 siout
1201 769 1328 842 sanguis
1456 743 1461 802 ¹

262 875 333 950 agni
357 875 386 932 in
417 872 559 948 postibus
587 872 627 932 ad
658 869 883 946 repellendum.
899 885 1117 944 percussorem
1146 869 1329 946 ponebatur,
1456 957 1458 963 Ι

262 980 304 1038 ila
327 975 510 1053 mysterium
534 990 636 1051 aquae
663 988 793 1049 corpora
824 981 854 1031 et
882 975 952 1033 loca
980 972 1099 1033 muniat
1123 973 1331 1034 renatorum.²
1456 973 1461 1066 1¹

694 1160 895 1167 —-—.

731 1315 851 1384 XXXI.

577 1467 630 1536 Dc
655 1466 884 1536 benedictione
910 1467 1013 1535 cerci.

323 1650 452 1714 Oeneum
489 1658 593 1712 autern
635 1651 775 1711 benedici
813 1668 873 1711 non
908 1652 1008 1711 solum
1042 1650 1071 1708 in
1106 1648 1324 1725 principalibus

258 1757 410 1829 ecclesiis
435 1756 491 1816 sed
514 1755 607 1815 eliam
630 1756 659 1814 in
683 1752 841 1832 parochiis
862 1754 1004 1813 Zosimus
1028 1768 1110 1829 papa
1132 1752 1321 1824 constituit3;

257 1860 344 1937 quod
366 1860 466 1935 ipsum
493 1859 619 1919 concilio
642 1861 779 1918 toletano
804 1859 977 1918 ostenditur
986 1860 1006 1926 4,
1037 1857 1187 1932 quosdam
1209 1855 1322 1930 Hispa·

259 1978 367 2042 norum
392 1962 592 2032 observasse,
616 1961 772 2036 quosdam
796 1960 981 2035 neglexisse.

724 2302 858 2371 XXXll.

259 2453 474 2545 Comparatio
501 2455 803 2524 ecclesiasticorum
825 2454 978 2522 ordinum
1005 2455 1039 2520 el
1062 2452 1263 2520 secularium
1288 2455 1322 2518 ei

634 2573 803 2641 conclusio
830 2571 940 2642 libelli.

319 2755 407 2816 Circa
428 2755 538 2817 harum
556 2759 671 2816 calcem
689 2767 864 2848 nugarum
884 2760 984 2832 placet
1007 2758 1142 2816 inserere
1163 2755 1318 2832 quandam

252 2860 459 2921 saecularium
488 2865 581 2934 atque
613 2859 896 2921 ecclesiasticarum
928 2860 1189 2944 comparationem
1222 2855 1322 2931 digni-

250 2979 453 2986 --.-—-—-...-

318 3025 331 3052 ⁸
349 3042 386 3088 oe,
404 3042 498 3079 rerum.

322 3177 428 3229 ¹Exod.
446 3177 536 3239 XXIV,
555 3182 578 3232 8.
604 3205 638 3217 -
668 3180 813 3245 ²Exspirat
836 3180 878 3230 hic
900 3179 1009 3230 alierum
1032 3180 1123 3244 lragrn.
1145 3179 1201 3229 cod.
1224 3176 1256 3226 Μ.
1284 3204 1319 3214 -

249 3265 261 3300 ³
278 3261 396 3312 Zosimus
413 3265 555 3316 all-418.
592 3264 655 3326 „Hic
678 3266 807 3316 constituit
825 3303 831 3316 .
850 3304 856 3316 .
876 3303 882 3316 .
901 3269 925 3315 et
937 3280 994 3330 ¹per
1016 3265 1130 3329 parrocia
1147 3279 1267 3325 concessa
1283 3265 1319 3315 li-

248 3348 331 3398 centia
346 3362 448 3398 cereum
465 3347 606 3399 benedici.“
643 3349 671 3400 L.
683 3365 708 3414 p.
727 3349 809 3400 Duoh.
828 3350 846 3410 l,
858 3350 916 3401 225.
935 3377 966 3388 -
986 3354 997 3386 ⁴
1015 3347 1158 3400 Concilium
1175 3348 1319 3402 toletanum

247 3433 291 3484 IV.
309 3447 377 3484 anno
399 3434 448 3484 633
476 3447 531 3483 can.
552 3433 592 3484 IX.
623 3433 745 3486 declarat:
786 3435 915 3495 „Lucerna
941 3440 966 3485 et
991 3449 1080 3486 cereus
1105 3436 1131 3484 in
1156 3434 1319 3499 praevigiliis

246 3517 357 3582 paschae
374 3516 442 3583 apud
461 3517 585 3582 quasdam
604 3519 724 3570 ecclesias
739 3536 790 3571 non
807 3520 993 3576 benedicuntur
1011 3524 1035 3571 el
1052 3535 1098 3572 cur
1115 3521 1219 3574 anobis
1237 3521 1319 3573 bene-

246 3602 363 3654 dicantur
388 3602 543 3668 inquirunl.“
590 3604 636 3665 „El
664 3605 725 3670 quia
753 3605 817 3656 haec
843 3606 986 3657 observalio
1015 3622 1060 3670 per
1088 3604 1227 3656 multarum
1257 3605 1319 3656 losa

244 3692 371 3738 lemarum
404 3687 574 3753 regionesque
605 3690 742 3755 Hispaniae
771 3692 798 3741 in
828 3690 942 3742 ecclesiis
969 3691 1175 3751 commendatur,
1203 3689 1319 3754 dignum

244 3778 290 3834 esl,
308 3778 336 3824 ul
352 3778 455 3838 propter
466 3775 590 3825 unitatem
608 3776 678 3840 pacis
695 3777 722 3826 in
740 3775 875 3842 gallicanis
887 3777 1002 3828 ecclesiis
1014 3777 1200 3828 conservetur.“
1230 3773 1319 3826 Mansi

244 3857 274 3918 X,
293 3859 350 3909 olo.
387 3856 550 3910 Ceremonias
568 3861 595 3910 in
613 3862 787 3926 praeparando
806 3876 873 3927 agno
892 3861 1006 3927 paschali
1024 3862 1130 3914 sabbalo
1148 3867 1234 3912 sancio
1252 3861 1321 3914 vide

246 3941 335 3994 Mural.
352 3941 370 3996 l.
389 3958 410 3994 c.
428 3943 456 4007 ll,
473 3960 497 4009 p.
518 3947 591 3998 1004.
