2896 4828
698 305 907 363 -24-

273 479 378 548 utpote
413 473 455 532 illi
487 473 691 548 proximiores
725 473 842 534 meritis
875 480 906 534 et
939 475 1009 534 ideo
1044 479 1158 536 certius
1192 477 1374 537 audiendi

271 576 443 646 impetrent,
475 589 556 649 quae
589 577 682 637 saluti
714 577 881 651 petentium
912 583 1067 651 oportuna
1096 594 1157 637 non
1187 579 1376 638 nesciunt.

271 676 370 734 Deum
399 681 502 736 autem
532 691 667 750 oramus,
697 678 732 736 ut
762 693 819 736 sua
842 678 980 738 bonitate
1005 680 1139 753 gratuita
1169 681 1318 740 meritis
1346 690 1378 740 et

272 779 549 840 intercessionibus
581 785 772 851 sanctornm,
807 795 886 856 quae
919 780 1008 839 nobis
1032 781 1146 840 iudicat
1176 769 1378 843 commoda

272 881 428 954 largiatur.
473 881 510 940 Et
528 879 600 942 huic
616 882 739 957 quidem
763 888 797 943 ut
813 883 888 954 Deo,
911 882 1051 955 Domino,
1075 884 1175 956 iudici,
1199 887 1377 954 creatori,

274 983 474 1059 omnipotenti
508 990 539 1042 et
572 985 719 1044 salvatori
751 984 977 1060 supplicamus,
1010 986 1078 1044 illos
1113 1002 1187 1045 vero
1222 993 1270 1045 ut
1310 987 1375 1046 Dei

274 1089 400 1160 amicos
430 1086 549 1145 Domini
580 1087 721 1158 famulos,
750 1092 900 1160 patronos
922 1103 996 1146 vere
1025 1085 1200 1147 honoratos
1223 1093 1267 1148 et
1297 1090 1377 1163 ple-

273 1193 352 1250 niter
375 1190 516 1248 salvatos
539 1189 568 1246 in
592 1187 775 1247 adiutorium
799 1197 972 1248 vocamus.a
1015 1188 1108 1248 Tales
1132 1206 1204 1250 esse
1230 1205 1372 1265 preces

273 1292 419 1361 fidelium,
437 1291 488 1364 qui
505 1289 646 1365 publicas
662 1291 816 1348 ecelesiae
833 1289 987 1349 orationes
1004 1292 1202 1352 considerare
1219 1299 1371 1362 norunt,

274 1393 416 1453 dubitare
448 1407 508 1450 non
544 1387 712 1464 poterunt.b
760 1389 835 1452 Cum
869 1393 973 1466 itaque
1005 1393 1075 1452 talis
1110 1393 1150 1453 sit
1183 1393 1368 1453 christiani

275 1494 421 1568 perlectio
447 1507 569 1564 sensus
600 1509 659 1551 non
685 1498 757 1552 sunt
780 1492 964 1553 omnimodis
991 1493 1113 1554 honesti
1136 1503 1167 1553 et
1189 1493 1368 1554 moderati

276 1595 442 1670 imaginum
467 1593 605 1653 honores
629 1593 790 1654 abiciendi.
835 1593 867 1654 Si
891 1595 970 1654 enim
993 1596 1073 1666 ideo,
1103 1598 1176 1671 quia
1197 1598 1364 1656 novimus

276 1713 337 1757 non
361 1696 541 1757 adorandas
564 1711 622 1754 nec
641 1696 788 1755 colendas
811 1697 928 1768 iconas
951 1699 1178 1757 conculcandae
1203 1703 1284 1757 sunt
1312 1703 1366 1755 etc

277 1800 427 1860 delendae
453 1798 589 1874 picturae
612 1799 702 1873 quasi
726 1812 785 1856 non
809 1799 1009 1868 necessariae
1026 1801 1076 1858 vel
1099 1803 1244 1873 nocivae3
1271 1813 1359 1874 ergo

278 1910 308 1963 et
331 1903 404 1979 quia
428 1901 591 1974 credimus,
616 1901 699 1977 quod
723 1906 844 1960 creator
859 1902 1004 1972 omnium,
1029 1903 1082 1976 qui
1104 1903 1219 1978 ubique
1243 1907 1300 1962 est
1326 1906 1359 1958 et

278 2006 398 2065 caelum
434 2008 465 2062 et
502 2008 615 2063 terram
654 2003 768 2078 implet,
806 2018 866 2061 non
908 1999 1046 2063 habitetd
1081 2005 1110 2062 in
1150 2003 1354 2070 manufactis,

278 2105 468 2167 destruenda
497 2112 569 2165 sunt
590 2107 716 2182 templa,
746 2121 784 2164 ne
813 2105 976 2165 videamur
1004 2106 1174 2180 parietibus
1199 2112 1229 2164 et
1250 2104 1352 2164 tectis

278 2211 428 2269 inclusum
463 2208 588 2268 credere
621 2215 804 2266 creatorem.
857 2207 969 2282 Sioque
1003 2206 1113 2284 poterit
1144 2210 1277 2280 evenire,
1313 2211 1348 2262 ut

279 2312 352 2370 dnm
371 2324 530 2381 cavemus,
552 2325 591 2367 ne
607 2311 728 2384 uspiam
745 2309 785 2367 sit
807 2297 931 2383 aliquid,
954 2309 1006 2368 ubi
1029 2308 1235 2384 insipientium
1257 2319 1343 2367 mens

280 2413 381 2488 possit
408 2426 520 2482 errare,
551 2409 627 2468 nihil
658 2425 737 2485 pene
767 2408 947 2483 habeamus,
980 2429 1040 2487 quo
1068 2411 1120 2469 vel
1147 2411 1342 2472 devotionem

280 2519 420 2573 nostram
450 2526 651 2571 exerceamus
676 2513 724 2569 vel
749 2511 904 2586 simplices
928 2519 959 2572 et
984 2513 1112 2587 ignaros
1136 2513 1174 2570 ad
1205 2526 1347 2571 amorem

281 2614 481 2674 invisibilium
510 2612 633 2672 trahere
663 2615 835 2672 valeamus
885 2612 1036 2685 Quantum
1068 2616 1174 2672 autem
1205 2611 1348 2674 utilitatis

281 2733 321 2777 ex
344 2717 482 2792 picturae
504 2715 623 2774 ratione
648 2716 820 2794 proveniat,
848 2715 1052 2788 multicipliter
1073 2720 1165 2789 patet.
1209 2715 1347 2775 Primum

282 2819 415 2896 quidem,
432 2818 505 2893 quia
521 2819 638 2894 pictura
654 2825 703 2877 est
715 2816 868 2893 quaedam
888 2814 1058 2874 litteratura
1076 2815 1238 2890 inliterato,
1256 2819 1349 2886 adeo,

281 2928 315 2981 ut
330 2921 456 2997 quidam
475 2923 613 2996 priorum
630 2921 754 2994 legatur
776 2935 815 2978 ex
839 2918 966 2994 picturis
982 2917 1127 2978 didicisse
1149 2919 1348 2994 antiquorum
1418 2935 1419 2990 ἢ

283 3020 442 3085 historias.
458 3023 586 3094 Deinde,
596 3028 631 3082 ut
641 3021 801 3080 brevitatis
811 3035 906 3080 eausa
915 3020 1157 3095 praetermittam
1165 3020 1306 3096 plurima,
1318 3020 1348 3076 in

284 3126 379 3201 gestis
397 3126 537 3186 silvestri
552 3139 652 3204 papae
668 3120 789 3196 legitur,
807 3122 1039 3183 Constantinum
1055 3124 1274 3199 imperatorem
1291 3137 1350 3196 per

284 3227 463 3288 thoracidas
479 3228 703 3308 apostolorum,
721 3224 804 3300 quod
820 3225 905 3300 ipsos
921 3224 950 3283 in
965 3225 1086 3284 visione
1096 3225 1213 3296 viderit,
1230 3239 1347 3298 eogno-

283 3329 378 3392 visse.
412 3327 450 3386 Et
462 3329 605 3386 videmus
622 3328 787 3402 aliquando
803 3327 960 3402 simplices
977 3333 1007 3385 et
1027 3327 1149 3398 idiotas,
1173 3327 1226 3402 qui
1241 3327 1347 3386 verbis

283 3432 337 3491 vix
352 3431 392 3489 ad
414 3429 505 3488 lidem
523 3435 679 3504 gestorum
696 3434 829 3504 possunt
844 3430 979 3504 perduci,
1002 3446 1042 3489 ex
1057 3429 1177 3505 pictura
1193 3429 1347 3505 passionis

285 3532 457 3594 dominicae
479 3534 530 3592 vel
547 3532 676 3592 aliorum
694 3530 876 3591 mirabilium
900 3534 943 3592 ita
959 3530 1134 3606 compungi,
1156 3537 1189 3590 ut
1210 3526 1345 3590 lacrimis

353 3769 428 3832 “Mb
453 3770 611 3819 invocamus.
631 3795 661 3804 —
681 3753 695 3794 b
714 3781 752 3828 m,
773 3771 916 3832 potuerunt.
935 3795 966 3804 -
984 3765 995 3792 ⁰
1014 3765 1081 3828 mlh,
1104 3780 1155 3816 om.
1179 3769 1210 3814 et.
1230 3791 1261 3800 -—
1279 3741 1291 3780 d
1310 3778 1344 3822 oe,

191 3861 202 3880 ·
284 3852 389 3908 habital.
