3008 4780
619 369 827 432 -73-

192 547 302 606 XXIV.
340 553 441 622 papaa
476 542 657 616 constituit1,
692 539 875 600 sacerdotes
910 542 940 596 et
974 535 1085 595 levitas
1118 535 1260 596 vestibus

193 650 326 710 sacratis
348 649 379 720 in
404 662 465 705 usu
487 643 640 705 cotidiano
664 659 724 702 non
747 643 809 716 uti,
834 641 892 702 nisi
914 640 945 699 in
968 636 1103 700 ecclesia
1124 643 1260 714 tantum;

193 757 225 810 et
253 749 415 827 sylvester
446 746 616 817 ordinavit,
649 750 684 804 ut
714 745 837 804 diaconi
867 741 1039 802 dalmaticis
1068 742 1099 802 in
1126 741 1261 802 ecclesia

193 857 355 911 uterentur
390 857 422 910 et
450 850 543 926 pallio
580 848 734 909 linostimo
764 862 870 906 eorum
904 845 975 902 leva
1003 848 1168 918 tegeretur.
1224 841 1262 900 Et

193 954 291 1030 primo
315 953 441 1030 quidem
465 950 647 1040 sacerdotes
675 947 848 1008 dalmaticis
871 951 943 1006 ante
967 947 1145 1006 casularum
1167 961 1260 1005 usurn

192 1056 415 1127 induebantur,
446 1057 559 1130 postea
580 1067 656 1112 vero
681 1067 751 1110 curn
776 1049 891 1110 casulis
913 1049 956 1108 uti
988 1049 1167 1125 coepissent
1195 1048 1262 1106 dal·

192 1159 321 1218 maticas
349 1155 534 1215 diaconibus
564 1157 795 1214 concesserunt.
845 1152 934 1227 lpsos
966 1155 1070 1207 tamen
1101 1149 1261 1223 pontifices

192 1260 238 1320 eis
263 1259 306 1318 uti
330 1257 444 1316 debere
475 1272 514 1314 ex
538 1271 574 1315 eo
607 1257 725 1316 clarum
749 1259 813 1328 est,
840 1251 924 1328 quod
948 1250 1117 1325 Gregorius
1139 1251 1188 1309 rel
1212 1252 1262 1311 alii

193 1360 408 1420 Romanorum
441 1360 605 1434 praesules
638 1351 709 1417 aliis
744 1356 900 1432 episcopis
932 1369 1042 1412 aarum
1071 1367 1163 1412 usum
1193 1367 1261 1429 per-

194 1461 347 1539 miserunt
368 1460 435 1520 aliis
460 1461 703 1531 interdixerunt,
731 1457 785 1516 ubi
805 1457 1008 1532 intellegitur,
1032 1470 1091 1514 non
1116 1454 1261 1514 omnibus

195 1566 268 1620 tunc
291 1559 387 1620 luisse
419 1577 620 1631 concessum,
649 1559 733 1635 quod
763 1575 846 1618 nunc
875 1573 954 1633 pene
983 1574 1092 1618 omnes
1122 1557 1262 1633 episcopi

195 1668 226 1721 et
248 1662 386 1722 nonnulli
408 1662 665 1739 presbyterorum
689 1663 748 1724 sibi
770 1661 863 1721 licere
886 1660 1076 1735 existimant,
1104 1659 1136 1720 id
1159 1665 1263 1720 estut

193 1765 253 1824 sub
278 1764 387 1823 casula
410 1764 576 1824 dalmatica
597 1766 781 1825 vestiantur.

259 1863 415 1926 Statutum
439 1871 489 1924 est
513 1872 617 1926 autern
646 1867 776 1926 concilio
800 1863 1021 1924 bracarensi²:
1050 1879 1089 1922 ne
1115 1863 1263 1922 sacerdos

192 1969 259 2024 sine
282 1968 389 2026 orario
402 1969 550 2028 celebret
571 1970 704 2028 missam.
742 1965 939 2026 Addiderunt
953 1966 984 2024 in
1001 1965 1142 2025 vestibus
1166 1965 1262 2024 sacris

195 2068 245 2126 alii
265 2068 325 2126 alia
347 2070 395 2126 rel
411 2069 452 2128 ad
473 2069 674 2130 imitationem
691 2084 809 2141 eorum,
826 2067 942 2143 quibus
957 2074 1080 2127 veteres
1096 2066 1265 2126 utebantur

195 2169 390 2240 sacerdotes,
420 2172 468 2230 vel
498 2171 538 2230 ad
567 2172 719 2247 mysticae
754 2167 985 2245 significationis
1019 2169 1263 2246 expressionem.

197 2269 275 2343 Quid
309 2271 390 2329 enirn
422 2273 546 2347 singula
579 2275 759 2348 designent,
794 2273 907 2350 quibus
940 2268 1045 2332 nuncb
1076 2272 1206 2344 utimur,
1246 2287 1264 2330 a

194 2371 352 2448 prioribus
375 2375 489 2435 nostris
513 2375 591 2435 satis
614 2377 799 2452 expolitumc
822 2381 878 2435 est.
921 2375 1056 2434 Numero
1078 2379 1183 2433 autem
1206 2388 1263 2432 suo

196 2474 333 2550 antiquis
363 2477 565 2552 respondent:
594 2481 668 2552 quia
691 2479 771 2538 sicut
792 2478 834 2537 ibi
856 2477 973 2548 tunica,
998 2473 1263 2551 superhumeralis

111 2647 113 2652 ¹
196 2577 289 2653 linea,
313 2574 588 2652 superhumerale,
610 2581 775 2655 rationale,
800 2581 936 2651 balteus,
959 2577 1129 2653 seminalia,
1151 2576 1264 2654 thyara

196 2683 227 2736 et
250 2678 378 2750 lamina,
402 2680 447 2739 sic
469 2679 518 2740 hic
542 2679 720 2755 dalmatica,
744 2681 829 2752 alba,
853 2684 1009 2758 mappula,
1033 2679 1179 2751 orarium,
1202 2681 1262 2740 cin-

265 2928 340 2990 ³M¹2
358 2933 456 2978 tanturn
474 2928 551 2981 habet
570 2945 647 2995 papa;
666 2947 735 2984 omn.
754 2933 787 2985 al.
806 2949 857 2984 orn.
874 2961 907 2969 —
930 2919 945 2959 b
965 2948 1003 2993 oe,
1022 2932 1119 2981 utimur
1136 2944 1212 2980 nunc.
1232 2957 1264 2966 -

196 3011 208 3040 ⁰
225 3028 264 3074 ce,
280 3012 433 3075 expositum.

269 3251 277 3284 ¹
296 3245 443 3312 Slelmanus
454 3250 471 3302 Ῑ·
489 3266 556 3317 papa
568 3255 710 3306 nat-ier.
739 3253 801 3316 „Hic
820 3255 956 3317 constituit,
973 3251 1116 3304 sacerdotes
1134 3256 1158 3302 et
1174 3250 1265 3300 levitas

174 3355 176 3358 ·
198 3340 225 3384 nt
242 3338 326 3384 vestes
348 3343 458 3388 sacratas
481 3339 508 3388 in
530 3354 579 3388 usu
605 3339 741 3391 cottidiano
759 3356 810 3392 non
829 3343 878 3405 uti,
901 3341 951 3390 nisi
969 3340 995 3389 in
1014 3337 1147 3388 ecelesia.“
1183 3333 1265 3386 Duch.

198 3427 215 3489 l,
231 3429 288 3479 154.
324 3421 468 3492 (Silvester)
487 3425 640 3486 „constituit
659 3431 686 3474 nt
704 3425 805 3476 diaconi
818 3425 969 3476 dalmaticas
980 3425 1008 3473 in
1020 3423 1127 3474 ecclesia
1140 3425 1267 3471 uterentur

198 3518 222 3562 et
238 3511 324 3577 pallea
342 3508 472 3560 linostima
490 3507 548 3558 leva
564 3524 652 3560 eorum
665 3515 834 3574 tegerentur.“
862 3509 943 3561 Duch.
958 3508 975 3570 l,
990 3509 1045 3559 171.
1063 3533 1097 3543 -
1117 3507 1127 3542 ²
1145 3502 1266 3574 Synodus

197 3595 356 3649 bracarensis
374 3609 441 3644 anno
460 3594 508 3645 675
528 3593 652 3646 celebrata
670 3596 798 3646 constituit
816 3611 871 3648 ean.
890 3594 946 3646 lV.:
967 3597 1009 3656 ,ut
1026 3606 1086 3642 curn
1104 3587 1222 3640 sacerdos
1233 3586 1267 3637 ad

199 3680 325 3732 solemnia
342 3680 480 3730 missarum
503 3679 600 3730 accedit
629 3685 672 3730 aul
697 3695 743 3744 pro
767 3695 794 3732 se
817 3679 869 3732 Deo
888 3679 1042 3733 sacrificium
1067 3674 1200 3726 oblaturus
1223 3677 1267 3723 aut

200 3767 387 3816 sacramentum
405 3764 517 3830 corporis
536 3769 560 3814 et
578 3765 713 3829 sanguinis
732 3764 831 3816 domini
843 3766 922 3820 nostri
934 3763 989 3815 lesu
1003 3760 1097 3815 Christi
1109 3761 1266 3822 sumpturus,

199 3865 251 3900 non
269 3848 341 3900 aliter
359 3848 464 3900 accedat
482 3865 560 3914 quarn
579 3851 662 3901 orario
680 3854 787 3915 utroque
810 3849 918 3900 humero
941 3847 1137 3910 circumseptus,
1160 3843 1226 3894 sicut
1242 3847 1267 3893 el

198 3940 312 3999 ternpore
329 3934 497 3992 ordinationis
516 3953 578 3989 suae
597 3935 754 3999 dignoscitur
771 3937 954 3987 consecratus.“
992 3929 1074 3980 blansi
1091 3927 1131 3990 XI,
1146 3929 1202 3980 157.
