2956 4766
661 369 703 379 -
748 334 807 394 roa
852 285 909 377 -Ὺ

245 503 399 562 mundusa
420 505 610 580 veredarios,
628 505 931 575 commentarienses,
955 505 1096 565 ludorum
1115 502 1323 576 exhibitores

247 605 414 663 carminum
446 609 640 682 pompaticos
671 608 837 679 relatores,
870 604 967 665 habet
996 607 1130 666 ecclesia
1162 607 1323 682 acolytos

247 706 390 778 lectores,
414 715 557 768 cantores
574 715 667 784 atquc
690 709 877 784 psalmistas.
916 707 1076 768 Caeterum
1093 723 1133 766 ex
1148 707 1324 783 utriusque

248 806 364 867 ordinis
381 811 593 870 coniunctione
609 816 640 869 et
662 809 825 870 dilectione
842 825 903 867 una
919 810 1029 869 domus
1047 809 1102 868 Dei
1119 809 1325 881 construitur,

247 926 342 968 unum
371 927 485 986 corpus
515 911 627 972 Christi
658 910 788 970 efficitur
817 910 935 969 cunctis
966 910 1113 972 membris
1143 911 1323 970 olliciorum

248 1026 375 1070 suorum
400 1013 518 1073 fructus
541 1020 666 1073 mutuae
694 1013 817 1072 utilitati
839 1011 1078 1083 conserentibus
1109 1013 1180 1072 dum
1205 1014 1325 1071 oculus

248 1121 296 1173 est
323 1117 353 1175 in
379 1117 584 1193 sapientibus,
614 1117 798 1193 quiveram
821 1117 921 1175 lucem
946 1112 994 1175 etb
1017 1116 1190 1191 percipiunt
1211 1121 1243 1172 et
1271 1114 1326 1171 in-

248 1217 384 1288 sinuant,
416 1235 452 1278 os
480 1221 508 1278 in
533 1220 726 1290 doctoribus
756 1220 839 1278 auris
868 1220 897 1276 in
922 1217 1084 1278 benevolis
1113 1216 1325 1290 auditoribus

247 1335 344 1380 nasus
374 1322 403 1379 in
434 1322 627 1382 discretionis
657 1320 861 1394 amatoribus
891 1335 1001 1380 manus
1032 1321 1060 1379 in
1092 1319 1325 1394 operatoribus,

248 1423 346 1494 pedes
370 1423 399 1480 in
424 1422 662 1497 proficientibus
686 1429 797 1482 venter
819 1423 847 1480 in
873 1421 1140 1496 conrpalientibus,
1164 1421 1264 1480 umeri
1288 1421 1322 1480 in

248 1522 388 1581 laborum
399 1525 617 1584 toleratoribus
628 1530 658 1582 et
671 1531 812 1582 caeterae
827 1524 856 1582 in
872 1526 1012 1594 caeteris,
1029 1530 1063 1582 ut
1073 1540 1134 1582 nort
1148 1527 1188 1583 stt
1202 1526 1324 1583 scisma

170 1629 172 1634 '
249 1625 280 1682 ln
304 1641 447 1702 corpore,
472 1627 526 1684 sed
546 1629 574 1686 εἰ
594 1628 752 1701 plorlatur
775 1643 866 1684 unum
890 1629 1066 1700 membrum,
1098 1625 1326 1699 conpuudecnt

249 1728 351 1785 omnia
374 1729 522 1802 membra,
552 1731 579 1786 sl
601 1730 805 1788 contristatur
834 1744 936 1798 unum,
967 1732 1081 1785 cuncta
1103 1726 1322 1786 condoleant.1

249 1828 312 1886 lsta
335 1829 551 1889 convenientia
573 1847 711 1907 eousque
739 1829 876 1889 tenenda
906 1837 961 1899 est,
992 1830 1090 1890 donec
1112 1844 1322 1888 occurremus

249 1945 352 1989 omnes
375 1934 405 1990 la
429 1935 527 1992 cirum
547 1933 750 2008 perfectum,
774 1941 808 1992 ut
828 1933 963 1991 st'tDeus
986 1934 1089 1992 omma
1107 1933 1138 1989 lrt
1153 1931 1322 1989 omrtloasss

314 2251 406 2311 Gravi
438 2254 575 2329 pondere
604 2255 730 2315 tandem
759 2255 880 2313 solutus
909 2261 939 2312 el
968 2254 1084 2313 utinam
1113 2259 1176 2312 tam
1201 2251 1318 2327 prolec-

249 2358 341 2412 tuoso
365 2371 457 2429 quam
481 2357 608 2432 magno!
637 2359 667 2416 in
690 2356 752 2415 fine
775 2355 984 2416 conclusionis
1007 2357 1144 2415 lecturos
1167 2355 1318 2424 obtestor,

249 2469 289 2512 ne
312 2457 395 2530 quod
420 2459 615 2518 obedientiae
638 2454 823 2519 devotioned
846 2457 935 2529 subii,
958 2457 1110 2517 tribuante
1132 2453 1318 2516 temerariae

250 2560 503 2632 praesumptioni.
548 2561 659 2620 Fateor
681 2555 819 2633 etenbnf,
842 2576 890 2620 me
914 2575 972 2618 nec
994 2559 1172 2635 repperisse
1195 2563 1318 2627 cuncta,

251 2672 333 2731 quae
361 2659 525 2719 dilucidare
554 2663 653 2737 cupiit
675 2667 866 2736 necouncta
888 2661 1044 2736 posuisse,
1076 2676 1156 2736 quae
1183 2659 1318 2734 repperi,

250 2774 320 2816 cum
344 2766 375 2818 el
396 2777 497 2820 rerum
525 2763 706 2838 magnitudo
736 2764 853 2824 sciendi
883 2764 1083 2844 cupiditatem
1112 2761 1319 2822 succenderet

250 2869 280 2919 et
322 2862 535 2923 diversitatum
576 2865 714 2926 conlusio
756 2865 870 2925 l'astidii
913 2866 1101 2924 nimietatem
1144 2862 1316 2939 praeberet.

250 2963 384 3024 Habebit
408 2971 509 3026 tamen
538 2967 567 3026 in
596 2967 645 3028 his
668 2969 794 3028 lectoris
819 2969 877 3027 mei
900 2969 1025 3027 curiosa
1045 2966 1210 3042 vestigatio
1238 2970 1268 3023 el
1290 2965 1318 3024 si

251 3082 311 3124 non
351 3069 467 3144 copiam
508 3071 676 3144 satietatiS,
718 3087 780 3145 qua
817 3071 1001 3144 delectetur,
1039 3059 1318 3145 qualemcumqueh

250 3182 375 3228 causam
400 3173 612 3247 inquisitionis,
636 3187 700 3248 qua
722 3173 831 3231 melius
855 3179 1044 3232 exerceatur.
1066 3205 1108 3212 --
1130 3169 1217 3230 Finit.

1177 3321 1191 3361 ‘¹
1209 3350 1248 3397 oe,
1266 3351 1318 3387 om.

319 3335 331 3362 ³
349 3336 395 3400 M1,
414 3343 437 3387 et
460 3338 581 3390 mundus.
600 3367 631 3376 -
651 3326 664 3366 b
683 3337 729 3399 ml,
748 3354 799 3389 om.
818 3345 850 3388 el.
869 3369 899 3376 —
920 3338 930 3364 ⁰
949 3354 987 3400 oe,
1011 3342 1108 3388 cuncta.
1127 3365 1158 3373 -

250 3420 393 3474 devotione.
412 3453 443 3459 —
462 3420 474 3448 θ
492 3438 529 3486 oe,
543 3423 585 3473 isti
596 3423 715 3474 tribuant.
735 3453 766 3462 -
784 3409 796 3448 f
812 3439 849 3485 oe,
861 3424 940 3474 enirn.
958 3450 990 3460 -
1009 3421 1075 3484 goe,
1088 3421 1180 3485 cupivi.
1201 3449 1231 3458 —-
1252 3405 1319 3480 hoe,

249 3507 455 3573 qualemcunque
472 3511 566 3557 tamen.

971 3609 1319 3618 --—-———.-.-—.-.......

322 3664 330 3695 ι
347 3660 357 3708 1
375 3659 430 3711 ca.
450 3659 499 3723 mr,
519 3661 599 3725 resq.
618 3689 649 3696 -
669 3663 679 3697 2
698 3659 763 3724 Eph.
782 3659 824 3722 ru,
845 3661 885 3712 13.
902 3687 936 3695 -
956 3661 966 3696 ³
984 3658 994 3708 1
1013 3657 1069 3708 eor.
1087 3657 1143 3717 xv,
1162 3657 1201 3708 aa.
