2956 4766
568 387 777 448 ,69-

145 561 173 614 et
199 555 258 616 illis
286 557 339 632 qui
369 557 486 615 rarius:
521 559 612 630 „istm
648 559 826 618 reverentia
860 563 1041 616 sanctorum
1075 559 1209 619 retrahit

144 675 258 733 rerum,
282 660 353 718 illos
376 674 448 717 vero
471 675 561 718 amor
575 661 747 719 salubrium
767 661 877 720 invitat
891 662 1208 737 sacramentorum“¹;

144 775 213 818 nam
237 765 267 820 et
288 761 357 836 ipse
379 760 542 829 sacerdos,
574 763 719 837 quotiens
748 763 777 821 in
808 762 857 820 dic
879 762 993 820 missas
1016 763 1102 833 lacit,
1125 778 1207 822 com·

143 863 300 921 municare
316 879 376 922 non
394 863 512 934 omittit,
537 864 623 938 quod
640 865 667 924 si
683 864 795 923 saciata
815 863 963 922 canonico
980 870 1030 923 est
1052 865 1207 925 feriendus

143 962 282 1022 iudicio.²
325 964 363 1023 Et
386 964 445 1024 hoc
468 979 530 1023 non
554 971 603 1024 est
626 967 735 1025 mirum
759 967 803 1025 ita
826 965 864 1024 de
885 965 1049 1024 sacerdote
1064 966 1208 1040 intellegi,

143 1079 208 1124 cum
233 1063 285 1124 inb
308 1068 445 1127 conciliis
469 1073 757 1142 caesaraugustano
774 1072 805 1126 et
819 1069 982 1127 toletano³
1005 1070 1210 1136 communiter

142 1167 180 1225 sit
204 1171 357 1228 statutum
380 1169 418 1228 de
443 1169 600 1238 omnibus
624 1171 734 1245 utqui
758 1170 913 1246 acceperit
936 1167 1155 1229 eucharistiam
1179 1176 1209 1228 ct

133 1277 199 1326 'non
239 1272 408 1346 sumpserit
447 1271 540 1346 quasi
579 1271 749 1345 sacrilegus
783 1272 958 1348 repellatur.
1014 1271 1070 1331 Est
1104 1277 1206 1330 autem

140 1370 309 1446 legitimum
339 1379 464 1449 tempus
494 1372 741 1432 communicandi
770 1379 841 1433 ante
863 1375 1002 1432 ultimam
1026 1373 1208 1446 orationem,

141 1487 222 1548 quae
252 1473 363 1533 dicitur
393 1475 432 1533 ad
461 1474 696 1550 complendum,
728 1477 802 1551 quia
831 1477 898 1535 eius
932 1475 1037 1551 petitio
1074 1475 1208 1533 maxime

141 1589 192 1649 pro
216 1577 263 1635 cis
287 1578 412 1653 estqui
435 1579 672 1636 communicant.
719 1576 812 1637 Unde·
828 1580 921 1638 etiam
944 1593 1060 1650 corum,
1086 1578 1139 1654 qui
1155 1591 1210 1652 per

141 1678 279 1752 singulas
319 1680 432 1739 missas
472 1681 703 1739 communicare
740 1682 866 1756 volunt,
907 1680 1052 1740 accendie
1088 1679 1210 1737 videtur

139 1781 300 1852 voluntas,
329 1761 403 1856 qnia
430 1797 487 1858 per
516 1787 613 1841 totam
643 1783 771 1840 missam
800 1782 932 1860 procis
956 1797 1052 1857 quam
1075 1780 1209 1838 maxime

141 1887 170 1940 et
199 1884 292 1959 quasi
322 1884 502 1942 nominatim
532 1889 651 1959 oratpr,
680 1885 731 1959 qui
763 1882 804 1941 ibi
833 1880 968 1942 offerunt
1001 1890 1095 1958 atque
1125 1896 1210 1940 com-

139 1985 305 2045 municant.
346 1985 517 2044 Possumus
530 1983 655 2044 tament
678 1992 708 2044 ct
724 1983 886 2054 debemus,
909 1992 942 2044 ut
958 1984 1086 2044 eadem⁰
1101 1987 1211 2043 sancta

206 2185 219 2212 ⁸
237 2201 277 2248 oe,
295 2200 346 2235 non
364 2186 446 2235 iaciat.
465 2214 495 2222 -
515 2169 529 2212 b
547 2201 585 2248 oe,
604 2201 655 2236 om.
668 2186 703 2235 in.
715 2183 772 2222 -Ι
790 2199 811 2246 o,
829 2184 975 2236 accedendi.
988 2169 1048 2222 -d
1065 2199 1103 2246 oe,
1115 2187 1209 2233 autem.

140 2264 151 2292 ⁰
169 2283 190 2328 c,
207 2285 306 2320 earum.

210 2427 219 2460 ¹
238 2421 289 2475 Cir.
308 2424 420 2488 August.
433 2439 472 2488 ep.
487 2427 518 2475 54
531 2422 561 2472 ad
576 2422 676 2473 Ianuar.
705 2422 801 2487 Migne,
814 2439 833 2473 s.
846 2423 863 2472 Ι.
877 2430 893 2474 t.
904 2421 1015 2488 ΙΙΙΙΙΙΙΙΙ,
1032 2437 1057 2486 p.
1071 2423 1120 2473 200
1130 2436 1167 2487 sq.
1176 2449 1211 2457 -

142 2504 315 2559 ²Concilium
341 2507 481 2559 toletanum
504 2507 555 2558 ΙΙΙΙ.
578 2522 646 2557 anno
670 2508 728 2560 681.
755 2522 810 2557 can.
828 2507 861 2557 V.
904 2506 1039 2569 „Relatum
1065 2504 1140 2556 nobis
1165 2510 1210 2565 est,

140 2593 267 2656 quosdam
286 2593 318 2644 de
335 2593 510 2644 sacerdotibus
529 2607 580 2642 non
597 2595 633 2642 tot
650 2592 751 2643 vicibus
769 2592 958 2643 communionis
980 2595 1081 2642 sanctae
1103 2592 1209 2655 granam

140 2689 249 2740 sumere,
268 2682 329 2744 quot
347 2679 470 2729 sacrificia
493 2678 519 2728 in
537 2692 589 2728 uno
607 2675 649 2728 die
671 2675 792 2727 videntur
811 2675 911 2738 oilerrc;
935 2675 979 2726 sed
1003 2677 1030 2726 in
1053 2691 1105 2726 uno
1129 2675 1171 2726 dle
1189 2676 1210 2726 si

140 2759 251 2823 plurima
279 2778 324 2828 per
346 2779 373 2814 se
396 2763 449 2814 Deo
472 2761 579 2814 offerant
601 2761 738 2821 sacrificia,
761 2761 789 2811 in
811 2761 932 2812 omnibus
955 2777 983 2812 se
1007 2760 1211 2813 oblationibuse

140 2847 322 2897 communione
345 2846 504 2912 suspendunt
524 2852 548 2897 et
571 2847 597 2896 in
621 2845 676 2895 sola
698 2850 796 2896 tanturn
820 2847 925 2898 extremi
948 2847 1066 2896 sacrificii
1084 2846 1211 2897 oblatione

139 2931 330 2982 communionis
353 2936 455 2982 sanctae
479 2933 587 2996 gratiam
611 2935 775 2981 sumunt...
799 2929 949 2994 Quicunque
971 2946 1032 2993 ergo
1050 2929 1210 2980 sacerdotum
1238 2952 1241 2960 ν

140 3010 260 3082 deinceps
278 3015 367 3066 divino
385 3015 460 3066 altari
483 3016 636 3066 sacrificium
660 3013 792 3065 oblaturus
815 3015 949 3064 accesserit
970 3020 994 3064 el
1016 3030 1043 3065 se
1061 3029 1076 3063 a
1093 3029 1210 3065 commu·

141 3097 215 3150 nione
234 3099 408 3166 suspenderit,
434 3101 553 3165 abipsa,
574 3114 626 3165 qua
648 3115 676 3150 se
699 3098 844 3149 indecenter
866 3098 977 3162 privavit
995 3099 1076 3162 gratia
1094 3114 1212 3149 commn-

141 3181 234 3248 nionis,
253 3199 321 3235 anno
341 3201 392 3235 uno
411 3184 544 3251 repulsum
569 3200 596 3235 se
619 3185 742 3236 noverit!
779 3182 828 3234 Cir.
846 3198 916 3246 corp.
934 3185 952 3235 i.
970 3199 990 3234 c.
1010 3184 1071 3235 Dist.
1091 3183 1118 3244 ll,
1137 3199 1157 3235 c.
1170 3183 1211 3235 ΙΙΙ.

141 3262 172 3314 de
190 3274 331 3319 consecrat.
370 3271 406 3321 Ile
431 3272 510 3322 missa
533 3269 628 3335 pluries
651 3269 677 3318 in
700 3268 742 3319 die
765 3268 881 3319 iteranda
902 3269 945 3320 cir.
964 3268 1105 3332 Blaterim‚
1124 3269 1210 3321 nent-

139 3351 332 3418 wardtgkeiton
354 3358 371 3405 t.
391 3353 434 3414 lv,
452 3370 477 3418 p.
496 3353 538 3416 ΙΙΙ,
562 3369 586 3418 p.
604 3355 650 3406 261
662 3368 718 3420 sqq.
747 3381 779 3392 -
808 3356 820 3392 ³
842 3352 938 3404 Concil.
956 3354 1024 3407 tolet.
1042 3354 1051 3403 Ι
1075 3370 1142 3405 anno
1161 3357 1211 3407 400

140 3438 270 3489 constituit
286 3453 343 3489 ¹can.
362 3438 429 3492 XIV.
460 3438 503 3501 „Si
525 3439 583 3504 quis
606 3443 735 3503 acceptam
759 3453 774 3487 a
797 3439 926 3489 sacerdote
955 3439 1135 3490 eucharistiam
1159 3456 1210 3491 non

141 3523 279 3586 sumpserit
291 3522 362 3575 velut
373 3524 514 3588 sacrilegus
532 3523 711 3589 propellatur.“
743 3523 825 3574 Mansi
837 3529 855 3575 t.
867 3523 906 3584 ΙΙΙ,
921 3526 994 3575 1000.
1030 3523 1090 3574 Alia
1101 3523 1212 3574 toletana

141 3605 257 3666 synodus
280 3605 342 3676 (xl.)
365 3610 501 3661 ennodii
530 3609 597 3660 hanc
622 3610 827 3660 constitutionem
861 3608 909 3659 snb
935 3607 1098 3672 gravioribus
1123 3609 1211 3672 poenis

142 3687 270 3741 reiteravit
291 3707 345 3745 can.
363 3691 409 3744 XI:
428 3692 596 3759 „Quicunque
619 3699 661 3744 ant
683 3694 714 3744 de
735 3693 850 3744 fidelium
878 3699 920 3743 aut
942 3691 1086 3743 infidelium
1104 3706 1211 3742 numero

141 3781 233 3837 corpus
251 3775 354 3827 Domini
372 3778 419 3844 (sc.
437 3782 568 3842 acceptum
587 3794 602 3828 a
619 3778 759 3846 sacerdote)
781 3778 877 3845 absque
899 3775 1043 3829 inevitabili
1065 3776 1212 3828 infirmitate

143 3857 288 3921 proiecerit‚
315 3863 336 3912 si
359 3862 442 3913 fidelis
465 3868 515 3922 est,
541 3868 663 3929 perpetua
692 3865 873 3915 communione
899 3865 1024 3928 privetur,
1052 3861 1073 3911 si
1099 3859 1212 3911 infidelis

147 3941 296 3997 verberibus
314 3947 436 3998 subdatur
454 3953 478 3998 et
496 3953 617 4012 perpetuo
634 3947 710 3998 exilio
729 3947 878 4012 relegetur.“
914 3946 998 3997 Mansi
1015 3945 1057 4007 ΙΙΙ,
1071 3949 1126 3998 144.
