2956 4766
668 374 877 432 ..74-

238 547 362 621 gulam,
396 544 552 616 sandalia,
585 545 692 603 casula
722 548 753 602 et
782 542 928 618 pallium;
958 543 1040 602 unde
1075 543 1154 600 sicut
1181 541 1304 600 illorum

237 655 377 707 extremo
408 645 466 705 soli
493 644 671 720 pontifices,
701 643 747 702 sic
769 645 898 703 istorum
922 645 1028 704 ultinro
1052 643 1165 716 summi
1186 647 1305 701 tanturn

238 755 381 824 pastores
404 748 556 805 utuntur.¹

709 1086 832 1157 XXVI.

236 1256 289 1324 Bc
314 1255 410 1324 lteris
435 1257 618 1335 canonicis,
642 1278 786 1346 pentum
806 1257 966 1347 partone,
993 1257 1111 1347 ymnis,
1136 1256 1307 1324 cantilena

557 1380 591 1442 et
617 1376 831 1444 incrementis
858 1398 981 1444 corant.

302 1557 486 1619 Praemissis
511 1558 572 1632 his,
604 1575 687 1636 quae
711 1561 750 1619 de
780 1561 888 1620 ordine
912 1560 1027 1619 missae
1050 1558 1238 1618 videbantur
1260 1556 1308 1615 di-

237 1660 352 1737 cenda,
379 1659 416 1720 de
446 1661 663 1721 canonicarum
696 1663 823 1723 statutis
855 1661 1018 1731 horarum,
1047 1676 1129 1736 quae
1158 1658 1308 1718 Dominus

239 1761 367 1832 dederit,
384 1763 601 1836 adiungamus.
632 1763 799 1824 Sciendum
813 1763 1064 1838 est,1nultap0st
1080 1760 1309 1820 revelationem
1365 1819 1370 1824 .

239 1859 394 1938 evangelii
430 1870 570 1940 tempora
608 1867 774 1939 transisse,
812 1874 982 1944 antequam
1017 1864 1058 1922 ita
1092 1864 1310 1923 ordinarentur

238 1967 432 2041 quarundam
460 1983 516 2042 per
543 1967 624 2026 diem
654 1975 684 2028 et
708 1974 829 2027 noctenr
858 1968 1008 2030 horarum
1032 1963 1192 2033 solemnia,
1214 1963 1307 2024 sicuti

238 2083 320 2126 nunc
343 2065 508 2128 habentur.
554 2068 585 2125 ln
611 2071 708 2129 reteri
731 2077 834 2130 autern
852 2072 1038 2130 testamento
1059 2067 1192 2140 legimus
1213 2081 1307 2140 quas·

239 2169 309 2228 darn
334 2175 436 2230 certas
461 2169 609 2229 orationis
626 2169 721 2231 horas
738 2180 770 2232 ut
792 2180 914 2245 tempus
935 2168 1073 2229 matutini
1091 2175 1120 2227 et
1135 2167 1308 2244 vespertini

239 2270 412 2342 sacrificiil,
443 2278 473 2331 et
496 2273 578 2347 quud
599 2271 703 2334 Daniel
721 2269 835 2348 legitur
849 2280 895 2331 ter
912 2271 941 2328 in
958 2269 1007 2329 die
1024 2286 1105 2344 genu
1121 2271 1151 2329 in
1168 2271 1307 2331 oratione

238 2370 367 2432 flexisse
378 2373 398 2442 ³,
428 2390 489 2432 non
519 2373 640 2450 absque
676 2378 796 2436 ratione
825 2373 937 2436 iecisse
968 2372 1160 2434 credendus³
1187 2379 1247 2448 est;
1275 2372 1306 2431 in

239 2489 322 2533 noro
340 2472 486 2550 quoqueb
510 2491 569 2534 uon
588 2483 706 2537 tanturn
722 2477 841 2547 orandi,
865 2476 920 2535 sed
938 2476 1029 2535 etiam
1047 2491 1149 2550 genua
1163 2473 1308 2534 flectendi

239 2576 583 2652 copiosa-reperiuntur
606 2581 758 2655 exempla.
798 2579 875 2638 Nanr
900 2577 1044 2638 dominus
1059 2579 1148 2637 lesus
1164 2576 1308 2638 Christus
1388 2630 1390 2634 ,

238 2685 311 2735 ante
336 2679 510 2753 passionem
535 2694 624 2742 suant
655 2681 818 2756 procidens
849 2679 876 2738 in
910 2679 1018 2738 laciern
1047 2695 1137 2740 suam
1167 2677 1310 2738 adoravit

240 2784 375 2853 patrem,
410 2786 441 2838 et
474 2779 652 2858 Stephanus
693 2783 802 2858 positis
838 2781 970 2856 genibus
1005 2798 1058 2857 pro
1099 2780 1308 2855 lapidantibus

238 2881 410 2940 exorante
454 2881 498 2942 De
528 2881 746 2944 Bartholorneo
775 2883 867 2944 etiam
896 2882 1006 2958 legitur
1036 2884 1192 2960 apostolo,
1224 2883 1308 2958 quod

239 2984 357 3043 centies
386 2983 415 3041 in
445 2984 509 3057 die,
534 2986 652 3046 centies
682 2987 711 3045 in
736 2991 827 3044 nocte
850 2983 972 3046 flexerit
1003 2996 1113 3060 genua
1157 2985 1306 3059 Quamvis

238 3091 342 3144 autem
372 3087 609 3160 geniculationis
638 3103 753 3146 moreni
783 3093 848 3147 tota
881 3095 985 3148 servet
1017 3088 1167 3158 ecclesia,
1200 3094 1307 3145 tamen

242 3186 411 3262 praecipue
434 3187 506 3248 huic
529 3189 617 3264 operi
634 3188 796 3250 Scotorum
821 3188 935 3247 insistit
950 3190 1043 3259 nati0,
1067 3204 1196 3264 quorum
1221 3189 1308 3249 multi

238 3287 396 3378 pluribus,
426 3290 512 3349 multi
540 3291 755 3366 paucioribus,
785 3291 971 3352 sedtamen
1003 3293 1097 3351 certis
1124 3291 1246 3351 vicibus
1276 3298 1310 3350 et

307 3437 319 3464 ³
337 3453 375 3501 oc,
393 3437 557 3489 credendum.
576 3467 609 3477 -
627 3427 639 3467 ¹³
657 3437 696 3489 M¹
714 3444 806 3499 autern.
825 3468 859 3476 -
877 3439 887 3465 ⁰
906 3440 945 3490 Μ1
963 3446 987 3492 et
1004 3457 1042 3504 oe,
1060 3456 1152 3504 genua.

311 3590 372 3640 ¹be
390 3591 504 3642 vestibus
527 3593 604 3642 sacris
628 3593 671 3644 clr.
690 3594 786 3654 Kraus,
811 3592 1074 3659 Realencyelopaedie
1092 3609 1112 3644 s.
1132 3609 1156 3644 v.
1175 3591 1311 3658 Kleidung

239 3690 291 3725 von
308 3674 386 3740 Krieg
398 3675 426 3734 ll,
442 3679 489 3729 175
500 3691 555 3743 sqq,
591 3677 692 3739 Helela,
710 3679 827 3743 Beitrtge
846 3677 873 3737 ΙΙ,
888 3680 936 3730 150
947 3693 1001 3744 sqq.
1045 3677 1199 3738 Thalholer‚
1218 3677 1310 3728 Hand-

239 3758 307 3810 buch
335 3759 380 3810 der
407 3761 478 3812 kalh.
503 3762 629 3827 Liturgilr.
649 3763 666 3827 l,
685 3779 709 3828 p.
728 3766 777 3817 856
788 3778 844 3829 sqq.
870 3789 905 3800 -
933 3763 1042 3814 ²Exod.
1059 3761 1146 3822 XXIX,
1158 3765 1200 3814 41.
1227 3762 1309 3814 Levil.

240 3842 280 3906 lX,
295 3847 334 3896 l'l.
353 3843 429 3895 Num.
441 3845 553 3907 XXVlll‚
566 3848 589 3898 8.
601 3850 641 3900 23.
661 3848 702 3898 Ps.
714 3852 770 3901 140.
781 3851 804 3900 2.
822 3847 885 3898 Dan.
899 3847 938 3907 lx,
952 3851 992 3900 21.
1014 3877 1043 3888 —
1064 3851 1075 3885 ³
1092 3847 1156 3899 Dan.
1170 3846 1213 3907 vl,
1224 3849 1264 3899 10.
1275 3877 1309 3886 -

242 3929 253 3962 ⁴
271 3926 332 3977 Luc.
350 3927 425 3990 xxti,
434 3933 475 3983 41.
494 3933 552 3982 Act.
570 3931 624 3996 Vll,
637 3933 679 3984 59.
