2896 4828
555 361 763 420 ,ῃ-

112 537 191 590 tani
217 519 382 591 devotione
412 546 504 606 quarn
527 531 704 607 prolixitate
728 530 930 590 mirabilem1:
961 530 1067 605 priora
1094 536 1196 590 autern

115 639 155 692 et
180 632 340 694 anteriora
361 633 464 707 templi
487 634 536 692 vel
561 634 668 693 altaris
693 634 844 692 orientem
867 631 1091 707 respiciebant,
1113 633 1196 692 unde

120 742 157 794 et
183 736 265 811 apud
289 742 410 795 veteres
433 735 601 796 orientales
623 742 746 812 panesa
770 736 948 808 templorum
974 737 1093 804 antica,
1116 735 1196 796 occi-

122 837 273 896 dentales
303 829 437 913 postica,
465 839 666 913 aquilonares
697 837 837 904 sinistra,
865 835 1054 896 meridianae
1089 836 1198 910 dextra

121 939 323 1013 dicebantur3
361 939 445 1015 quod
480 945 511 999 et
547 939 584 997 de
613 939 720 1014 templi
747 937 870 997 Domini
903 940 997 999 latere
1027 939 1195 998 meridiano

121 1041 170 1101 sic
200 1042 360 1102 scribitur:
398 1040 513 1101 Ostium
542 1043 652 1100 lateris
680 1041 772 1100 medii
799 1046 872 1098 erat
905 1043 937 1099 in
964 1048 1059 1115 parte
1092 1043 1196 1101 domus

118 1145 286 1206 dextrae.²
331 1145 408 1218 Quia
434 1137 541 1218 igiturb
570 1149 676 1218 portae
702 1143 791 1201 trium
821 1141 967 1202 atriorum
997 1157 1060 1201 una
1087 1151 1196 1204 contra

119 1247 255 1306 alteram
288 1246 412 1322 positae
445 1254 530 1304 recta
559 1245 641 1305 linea
668 1243 707 1305 ad
732 1245 879 1304 orientem
904 1245 1066 1319 patebant,
1089 1246 1130 1304 ita
1152 1251 1196 1304 utc

120 1350 173 1407 sol
197 1348 433 1422 aequinoctialis
457 1349 602 1408 exoriens
627 1346 732 1409 radios
757 1361 834 1432 suos
859 1363 915 1423 per
938 1348 1007 1406 illas
1024 1349 1197 1423 aequaliter

123 1459 234 1511 contra
257 1446 477 1511 medietatemd
500 1450 602 1526 templi
626 1450 798 1526 dirigerer,
829 1449 1002 1525 eodemque
1024 1450 1117 1510 modo
1142 1466 1197 1524 per

122 1553 206 1612 ostia
228 1555 368 1629 porticus
399 1560 430 1612 et
456 1553 555 1629 ipsius
585 1553 703 1629 templi,
734 1553 765 1611 in
789 1552 868 1612 ostia
891 1553 991 1612 sancti
1014 1559 1194 1614 sanctorum

120 1658 310 1717 altrinsecus
333 1657 437 1731 posita
459 1655 672 1730 pertenderet3
704 1654 785 1714 sicut
815 1654 946 1714 traditur
976 1669 994 1712 a
1016 1655 1194 1729 maioribus

119 1763 179 1834 illi,
203 1761 256 1837 qui
283 1763 314 1820 in
343 1757 549 1819 exterioribus
582 1757 667 1815 atriis
691 1746 785 1831 positi
818 1756 858 1815 ab
887 1756 1011 1817 introitu
1041 1757 1196 1818 interioris

121 1867 313 1942 quibusdam
326 1854 544 1922 rationalibusf
564 1859 668 1920 causis
685 1857 938 1934 prohibebantur,
960 1875 1017 1933 per
1038 1866 1194 1935 portarurn

123 1977 233 2030 contra
249 1975 292 2026 ‘se
316 1964 487 2040 positarum
510 1963 648 2036 palulum
671 1969 874 2037 prospectum
898 1963 1007 2021 oeulos
1034 1963 1196 2036 usquead

125 2070 281 2130 introitum
316 2064 421 2141 templi
455 2065 636 2138 dirigentes,
676 2080 737 2139 quo
769 2062 900 2138 pedibus
934 2079 995 2122 non
1028 2064 1195 2135 audebant,

126 2170 274 2250 precibus
308 2177 339 2229 et
370 2168 452 2228 votis
485 2173 515 2226 et
545 2164 786 2227 salutationibus
820 2165 1021 2226 accedebant.
1075 2167 1137 2228 Sed
1167 2175 1197 2227 et

124 2273 195 2349 ipse
219 2273 366 2333 Salomon
398 2271 428 2329 in
458 2270 508 2328 illa
531 2267 646 2328 celebri
671 2269 810 2327 oratione
841 2269 879 2327 de
911 2269 1026 2344 populo
1051 2267 1079 2328 in
1111 2287 1197 2346 pere-

125 2377 329 2454 grinationem
359 2377 485 2448 propter
512 2377 643 2447 peccata
670 2385 727 2429 sua
748 2378 881 2446 venturo
911 2372 988 2432 dixit
1013 2373 1053 2432 ad
1080 2372 1194 2432 Deum:

126 2483 162 2542 Si
182 2478 324 2540 oraverit
349 2476 392 2534 ud
419 2483 448 2534 te
477 2482 588 2534 contra
611 2477 691 2532 viam
715 2475 880 2541 civitatist,
905 2490 998 2548 quam
1021 2477 1143 2550 elegisti
1166 2483 1197 2538 et

126 2583 247 2658 templi,
282 2581 367 2653 quod
398 2579 565 2649 aedificavi
595 2577 712 2635 nomini
743 2581 809 2648 tuo,
845 2581 877 2635 el
907 2576 1052 2651 retiqua.³
1106 2575 1193 2652 Quod

127 2683 234 2743 Daniel
268 2696 394 2758 quoque
428 2679 597 2755 propheta,
630 2686 661 2736 et
692 2679 762 2738 talis
790 2679 820 2736 in
849 2694 909 2754 quo
941 2679 1079 2757 suspicio
1110 2684 1195 2743 nulla

129 2785 227 2861 potuit
255 2783 409 2858 reperiris
445 2783 555 2854 legitur
588 2781 711 2842 iecisse.
771 2781 898 2856 Apertis
932 2781 1014 2840 enim
1048 2784 1194 2842 fenestris

130 2886 287 2946 coenaculi
314 2886 363 2944 sui
391 2891 501 2944 contra
522 2884 719 2944 Hierusalem
749 2884 849 2944 tribus
872 2884 994 2944 vicibus
1019 2886 1119 2944 oravit
1141 2903 1196 2961 per

128 2987 268 3062 singulos
291 2987 383 3045 diesi.
435 2986 490 3046 His
514 2992 545 3046 et
567 2986 634 3045 aliis
659 2987 810 3059 exemplis
837 2986 936 3045 edocti
966 2988 1194 3060 cognoscimus,

128 3106 188 3150 non
219 3104 344 3150 errasse
371 3090 439 3148 illos
461 3089 512 3148 vel
542 3105 656 3160 errare,
686 3088 738 3162 qui
766 3085 820 3146 inh
842 3087 965 3163 templis
995 3091 1046 3149 vel
1075 3091 1195 3151 noviter

127 3196 191 3255 Deo
215 3192 402 3253 constructis
422 3194 472 3252 vel
487 3193 528 3253 ab
549 3193 700 3251 idolorum
719 3193 867 3268 squalore
885 3192 1051 3266 mundatis,
1068 3200 1195 3268 propter

194 3394 276 3453 ⁸·chl‚
293 3411 344 3446 oin.
356 3398 448 3460 parles.
465 3421 499 3432 -
519 3380 584 3454 boe,
596 3407 665 3455 ergo.
683 3421 717 3429 -
736 3391 810 3454 cchi,
823 3397 859 3452 et;
879 3407 913 3451 m,
927 3407 978 3444 orn.
995 3420 1028 3429 —
1047 3378 1060 3420 d
1079 3391 1125 3457 M1,
1140 3407 1193 3443 me·

130 3481 274 3532 ridietalem.
292 3507 326 3516 -
344 3494 356 3522 e
374 3480 420 3540 lm,
438 3481 554 3543 erigeret.
571 3507 605 3516 —
623 3463 635 3506 f
651 3494 690 3544 oe,
713 3479 786 3542 quasi
804 3477 1005 3530 rationabilibus.
1024 3505 1058 3516 —
1076 3475 1092 3517 ὅ
1109 3493 1148 3537 οε,
1166 3475 1193 3526 Si

131 3567 235 3616 oraverit
253 3569 298 3630 (m,
317 3563 457 3632 vocaverit)
474 3569 562 3614 contra
579 3565 714 3614 civitatem.
735 3593 765 3600 -
785 3548 798 3588 ¹¹
818 3578 855 3621 oe,
874 3578 924 3615 om.
945 3564 978 3613 in.

198 3755 207 3788 ¹
226 3749 256 3800 lll
269 3751 331 3814 Reg.
343 3751 407 3814 vili,
420 3754 452 3803 22
463 3766 518 3815 sqq.
544 3779 576 3788 -
603 3752 614 3786 ²
631 3750 662 3799 lll
676 3751 738 3816 Reg.
752 3751 795 3813 Vl,
807 3753 830 3803 8.
856 3780 887 3788 —
916 3755 927 3789 ³
945 3751 977 3802 lll
996 3752 1057 3814 lleg.
1075 3749 1138 3813 vill,
1150 3753 1192 3804 44.

129 3836 206 3901 Vulg.
225 3874 230 3888 .
242 3875 248 3887 .
260 3873 266 3888 .
276 3837 385 3888 orabunt
395 3841 420 3888 te
432 3841 519 3888 contra
533 3837 602 3886 viam
615 3836 731 3896 civitatis,
742 3852 820 3902 quam
832 3837 932 3902 elegisti
944 3843 968 3889 el
979 3842 1066 3886 contra
1078 3835 1193 3897 domum,

129 3937 204 3988 quam
222 3921 357 3972 aedificavi
375 3923 474 3973 nomini
492 3926 544 3973 tuo.
564 3949 594 3958 -
616 3926 626 3958 ⁴
645 3921 707 3973 Dan.
726 3921 769 3985 Vl,
781 3926 806 3974 4.
826 3952 856 3960 -
878 3927 889 3959 ⁵
907 3923 969 3974 Dan.
987 3920 1029 3983 vt,
1045 3923 1083 3973 10.
