2956 4766
711 377 923 436 *60-

286 551 335 607 vel
368 549 555 607 inconcinna·
581 545 776 617 videbantur,
812 546 985 621 composuit
1016 546 1128 605 librum
1160 546 1211 622 qui
1241 546 1342 606 dicitur

288 650 584 719 sacramentorum,
614 649 693 710 sicut
715 665 754 707 ex
774 649 863 708 titulo
887 649 954 708 eius
978 647 1229 714 manifestissime
1250 648 1343 707 deela-

287 759 381 821 ratur,
413 753 441 809 in
467 768 528 826 quo
559 751 586 810 si
611 750 715 824 aliqua
737 750 936 810 inveniuntur
964 749 1068 811 adhuc
1095 759 1208 811 sensu³
1236 750 1344 810 claudi-

288 853 389 912 cantia
413 871 482 928 non
496 853 536 912 ab
566 852 617 911 illo
646 853 770 922 inserta,
799 853 854 911 sed
878 854 916 912 ab
940 853 1007 913 aliis
1030 854 1133 912 minus
1157 852 1344 925 diligentibus

287 962 400 1030 postea
430 953 585 1014 credenda
614 959 687 1013 sunt
715 939 924 1028 superaddita.
978 955 1134 1015 Lectiones
1164 954 1347 1029 apostolicas

288 1059 337 1115 vel
367 1037 564 1132 evangelicos
592 1056 661 1130 quis
685 1062 756 1115 ante
780 1056 1019 1115 celebrationem
1052 1056 1194 1116 sacrificii
1223 1056 1347 1132 primum

288 1154 441 1229 statuerit,
468 1174 530 1218 non
556 1158 633 1217 adeo
658 1164 775 1217 certum
807 1167 870 1232 est;
901 1158 1035 1217 creditur
1064 1165 1179 1223 tamen,
1209 1157 1348 1232 oprimis
1448 1211 1449 1238 ,

287 1262 523 1322 successoribus
554 1261 763 1334 apostolorum
795 1261 927 1319 eandem
955 1257 1210 1334 dispositionemb
1244 1261 1348 1318 iactam

288 1378 326 1421 ea
356 1363 522 1438 praecipue
555 1377 659 1431 causa,
694 1363 767 1438 quia
800 1363 830 1421 in
863 1361 1032 1435 evangeliis
1065 1363 1172 1420 eadem
1207 1361 1350 1420 sacrificia

289 1465 438 1525 celebrari
462 1464 607 1523 iubentur
630 1468 659 1522 et
681 1465 709 1523 in
734 1465 877 1538 apostolo
893 1463 1028 1539 qualiter
1044 1463 1193 1522 celebrari
1212 1463 1348 1529 debeant,
1448 1487 1449 1492 ¹

289 1565 425 1636 docetur,
456 1573 487 1625 et
517 1572 549 1624 ut
579 1569 651 1625 aute
681 1567 902 1628 sanctissimae
930 1565 1075 1625 actionisc
1105 1565 1287 1641 mysterium
1316 1579 1350 1622 ex

290 1668 452 1742 evangelio
469 1669 579 1728 salutis
595 1673 626 1726 et
648 1668 719 1727 fidei
736 1684 812 1728 suae
827 1673 1090 1742 recognoscerent
1112 1668 1350 1736 tundamentum,
1448 1665 1449 1668 ’

290 1779 320 1828 et
350 1785 390 1828 ex
417 1771 559 1846 apostolo
589 1770 730 1830 eiusdem
758 1772 831 1830 fidei
865 1777 895 1829 et
923 1786 1042 1830 morum
1070 1769 1135 1829 Deo
1170 1769 1350 1844 placentium

289 1878 436 1946 caperent
458 1873 705 1931 instrumentum.
751 1872 955 1947 anteponitur
970 1879 1074 1932 autem
1099 1872 1128 1929 in
1145 1871 1255 1932 ordine
1275 1869 1351 1946 quod

289 1974 418 2033 inferius
448 1979 496 2033 est
519 1974 674 2048 dignitate,
705 1981 801 2034 utex
823 1973 992 2033 minoribus
1016 1974 1136 2034 animus
1166 1972 1350 2033 audientium

290 2076 329 2134 ad
369 2077 487 2137 maiora
519 2078 681 2137 sentienda
713 2075 854 2154 proficiat
888 2082 918 2133 et
951 2076 1102 2148 gradatim
1137 2075 1176 2134 ab
1212 2075 1283 2134 imis
1316 2072 1352 2132 ad

290 2193 411 2236 summa
435 2179 635 2238 conscendat.
679 2179 793 2238 Statuit
815 2185 919 2237 autem
943 2178 1131 2238 Anastasius
1154 2178 1244 2237 XL12
1267 2191 1350 2252 papa,
1448 2237 1449 2240 ,

290 2284 324 2338 ut
354 2279 602 2356 quotiescunque
631 2289 774 2342 sanctum
805 2281 1001 2354 evangelium
1029 2280 1223 2352 recitaretur,
1255 2293 1350 2338 sacer·
1448 2255 1449 2330 Ϊ

289 2382 380 2441 dotes
404 2396 465 2439 non
490 2379 662 2445 sederentd.
691 2383 747 2442 sed
771 2381 858 2442 curvi
882 2388 1007 2454 starent,
1035 2389 1070 2441 ut
1091 2381 1237 2441 videlicet
1259 2379 1350 2439 humi-

290 2485 415 2554 litatem,
439 2499 520 2556 quae
545 2499 563 2542 a
584 2485 716 2544 Domino
746 2486 874 2544 docetur
897 2485 988 2543 etiam
1012 2500 1141 2559 corpore
1165 2484 1352 2542 demonstra·
1448 2463 1449 2540 ξ

289 2591 367 2642 rent.
411 2583 544 2642 Videtur
567 2594 671 2646 autem
699 2603 758 2645 non
787 2586 864 2646 alias
893 2586 1042 2646 lectiones
1067 2590 1138 2644 ante
1162 2584 1352 2661 evangelium

291 2686 386 2744 luisse
407 2692 482 2745 tunc
506 2687 634 2761 positas,
659 2689 716 2747 nisi
739 2693 858 2747 tantum
880 2687 1017 2763 aposloli
1036 2688 1129 2759 Pauli,
1152 2702 1233 2760 quas
1257 2687 1351 2746 solnm

290 2787 459 2847 nominavit
481 2789 534 2863 qui
557 2795 644 2862 gesta
667 2789 844 2864 pontificum
864 2789 999 2866 scripsit,
1024 2806 1093 2849 cum
1117 2787 1352 2863 antiphonarum
1448 2841 1449 2848 ,

289 2891 457 2950 mentionie
488 2891 662 2951 subiunxit:
694 2895 776 2966 qnod
806 2886 895 2951 antes
921 2909 982 2969 non
1007 2893 1119 2966 siebat,
1151 2893 1212 2948 nist
1240 2895 1353 2949 tontum

290 2995 420 3068 epistola
443 2995 527 3052 beuti
549 2995 642 3054 Pauli
664 2997 799 3068 apostoli
822 2996 986 3068 legebatur
1008 3001 1039 3052 et
1060 3000 1202 3052 sonetum
1226 3006 1352 3066 coange-

357 3209 370 3235 ²
387 3225 425 3272 oe,
443 3212 474 3261 ad
493 3212 562 3262 hunc
580 3229 692 3264 sensum.
711 3240 745 3250 -
763 3199 777 3239 b
796 3227 833 3273 oe,
852 3209 1078 3275 dispensationem.
1095 3238 1129 3247 -
1147 3208 1158 3236 ⁰
1176 3225 1213 3271 oe,
1226 3211 1313 3259 notant
1324 3204 1354 3255 ad

290 3293 444 3356 marginem:
472 3296 498 3345 id
520 3302 558 3347 est
580 3300 692 3348 canonis.
711 3283 775 3334 -d
799 3312 837 3355 oe,
860 3311 911 3345 non
936 3296 1004 3354 recti,
1031 3295 1075 3344 sed
1100 3295 1172 3344 curvi
1190 3299 1236 3344 ete.
1256 3323 1287 3331 -
1306 3290 1317 3318 e
1334 3305 1354 3349 c,

289 3377 321 3429 dc
339 3382 390 3430 ant.
409 3381 548 3442 mentione;
567 3381 631 3444 mlh,
649 3383 813 3432 mentionem.
833 3410 864 3418 -
882 3365 894 3406 s
911 3380 943 3442 M,
961 3385 1045 3441 anlea;
1064 3379 1102 3428 Μ1
1120 3378 1190 3444 quod
1207 3385 1301 3429 contra.

362 3588 369 3620 ¹
388 3583 467 3647 Apud
486 3582 620 3636 Moratori
635 3582 734 3634 Ludov.
752 3583 867 3647 Liturgia
886 3597 993 3633 romana
1010 3587 1083 3634 vetus
1100 3587 1117 3633 t.
1136 3583 1164 3645 ll,
1181 3599 1205 3647 p.
1224 3585 1304 3646 2sqq.
1322 3606 1353 3616 -
1448 3597 1449 3624 l

292 3671 303 3705 ²
319 3670 411 3719 rectius
428 3667 539 3718 XXXIX.
561 3669 715 3718 Anastasius
732 3667 749 3718 l.
769 3669 911 3720 399-401.
947 3668 1011 3730 „Hic
1032 3668 1161 3718 constituit
1181 3673 1208 3717 ut
1226 3667 1352 3732 quotiens·

289 3767 390 3830 cunque
414 3752 549 3816 evangelia
566 3757 652 3803 sancta
675 3753 816 3816 recitantur,
840 3752 983 3804 sacerdotes
1005 3768 1056 3802 non
1077 3753 1199 3813 sederent,
1223 3749 1268 3800 sed
1285 3747 1354 3799 curvi
1448 3749 1449 3838 l

290 3843 406 3888 starent.“
442 3838 497 3889 Lib.
521 3837 609 3902 pontif.
628 3836 709 3888 Duch.
728 3837 745 3899 l,
764 3841 821 3890 218.
862 3837 911 3890 cn.
930 3836 1033 3888 Constit.
1053 3840 1132 3901 apost.
1151 3836 1178 3899 ll,
1197 3839 1227 3888 57
1252 3840 1276 3885 et
1297 3831 1352 3882 isid.
1448 3839 1449 3869 l

290 3921 375 3973 Palus.
394 3939 433 3987 ep.
454 3924 510 3974 136.
