2956 4766
569 398 822 481 —or-„

147 581 223 642 quae
252 572 427 642 sequuntur
453 567 606 627 addiderit
641 569 690 628 vel
720 569 789 644 ipsa
814 574 933 628 tantum
961 572 1072 644 verba,
1098 570 1128 629 id
1160 575 1209 632 est

145 673 282 727 sunctum
304 671 505 742 sucrificium,
540 672 771 730 immaculatum
794 672 924 731 hostiam
948 688 986 732 eo
1016 675 1085 734 loco
1115 675 1207 734 inter-

145 769 308 842 miscuerit,
333 772 425 846 quod,
451 771 525 847 quia
549 772 712 832 manifeste
736 790 797 833 non
821 772 959 845 legimus,
984 776 1127 835 nolumus
1152 776 1208 836 dil·
1274 837 1275 842 ,

144 870 256 933 finirer.
293 872 340 932 Ex
362 871 424 934 hoc
444 879 547 932 tamen
571 880 709 950 apparet,
735 873 928 948 Gregorium‚
953 875 1007 949 qui
1021 877 1112 950 longe
1135 882 1208 953 post

143 973 272 1034 Leonem
296 975 361 1046 luit,
390 991 450 1034 non
481 980 579 1034 totum
603 991 755 1036 canonem
784 976 823 1034 ab
846 991 882 1034 eo
906 976 974 1035 loco
997 993 1058 1052 quo
1081 993 1140 1037 sua
1162 980 1206 1038 in-

142 1077 237 1136 seruit
277 1073 380 1153 usque
415 1077 445 1135 in
480 1076 572 1136 finem
599 1077 827 1153 composuisse.
886 1075 1052 1151 Gregorius
1087 1079 1207 1150 deinde,

141 1181 247 1244 tertius
272 1179 415 1239 eiusdem
433 1180 567 1240 nominis
582 1195 672 1256 papa,
695 1180 812 1239 iaciens
832 1178 1002 1237 oratorium
1025 1179 1053 1237 in
1078 1180 1208 1245 basilica

141 1281 219 1342 beati
249 1283 328 1342 Petri
364 1283 392 1340 in
424 1281 573 1342 honorem
605 1281 740 1341 omnium
777 1289 955 1340 sanctorum
990 1286 1021 1339 et
1055 1282 1209 1342 cotidiana

140 1386 251 1444 ibidem
278 1384 380 1444 cilicia
403 1399 439 1443 ac
460 1385 579 1443 missas
601 1384 631 1442 in
649 1399 756 1443 eorum
771 1383 1003 1442 venerationem
1016 1385 1208 1444 constituens

141 1489 289 1549 celebrari
314 1488 430 1562 pariter
453 1487 584 1547 instituit
605 1487 634 1544 in
660 1501 818 1546 cananea
839 1485 1003 1545 sacerdote
1024 1486 1206 1545 dicendum:

141 1607 272 1665 quorum
295 1591 475 1649 solemnitas
498 1588 590 1648 lrodr'e
612 1589 643 1646 ln
659 1594 825 1664 conspectu
850 1593 922 1647 tuoe
937 1590 1106 1647 maiestatis
1126 1589 1208 1646 celc-

140 1693 258 1764 dratur‚
282 1693 411 1752 Domine
433 1692 515 1749 Deus
536 1696 650 1762 noster,
675 1695 736 1751 toto
759 1693 790 1750 in
810 1691 885 1749 orbe
902 1683 1090 1760 terror-unes,
1115 1689 1208 1765 quod,

140 1796 211 1871 quia
245 1795 425 1872 specialiter
457 1793 495 1850 ad
530 1793 612 1851 illam
646 1793 779 1867 pertinet
811 1791 1034 1861 celebritatem,
1070 1789 1131 1851 non
1159 1797 1208 1851 est

139 1897 268 1966 canoni,
294 1897 346 1971 qui
376 1895 563 1968 generaliter
590 1893 714 1963 dicitur,
742 1894 935 1954 adnotatum.
981 1893 1071 1951 Actio
1098 1893 1209 1951 dicitur

136 2001 201 2076 ipse
225 2013 348 2070 canon,
373 1997 447 2072 quia
476 1996 503 2055 in
527 2010 564 2053 eo
592 2000 790 2055 sacramenta
817 1993 1022 2054 conficiuntur
1045 1993 1207 2061 dominica,

134 2118 232 2162 canon
263 2115 337 2160 vero
367 2099 476 2159 eadem
506 2098 585 2156 actio
609 2098 799 2169 nominatur,
824 2095 898 2171 quia
920 2092 977 2154 eab
1000 2103 1049 2154 est
1070 2095 1209 2169 legitima

136 2210 165 2263 et
198 2219 232 2264 re
241 2202 359 2277 gularis
400 2205 666 2260 sacramentorum
706 2199 867 2258 confectio.
930 2196 1075 2273 Sequitur
1107 2201 1209 2258 orutr'o

135 2307 297 2367 dominica
336 2320 408 2363 cum
444 2301 691 2377 appositionibus
715 2301 883 2377 congruis:
913 2316 974 2360 una
1004 2300 1085 2358 enim
1119 2313 1209 2374 prae-

137 2409 256 2467 cedens
284 2421 351 2465 eam
382 2404 528 2462 fiduciam
558 2401 731 2478 praedicat,
761 2418 823 2479 qua
844 2403 1012 2462 Dominum
1036 2407 1208 2461 creatorem

136 2519 260 2584 patrem
290 2507 393 2566 dicere
422 2519 676 2580 praesumamus3
705 2506 805 2564 altera
832 2506 1032 2579 subsequens
1063 2503 1205 2578 explicat,

138 2610 300 2688 quomodo
338 2616 367 2667 et
397 2623 416 2666 a
446 2605 560 2682 quibus
594 2606 683 2665 mulis
717 2623 772 2682 per
801 2607 961 2666 Dominum
995 2622 1054 2666 nos
1083 2604 1208 2664 liberari

138 2721 297 2789 petamus.
336 2711 421 2784 Quae
446 2710 544 2768 oratio
567 2708 731 2778 dominica,
755 2709 828 2784 quia
851 2708 937 2783 prius
962 2724 1058 2783 quam
1083 2711 1211 2767 caetera

140 2849 347 2858 ——-..-a-—--

206 2929 218 2956 ἢ
241 2927 264 2978 Μ
283 2931 362 2990 eice,
382 2927 495 2977 definire.
515 2955 546 2963 -
564 2911 579 2954 b
598 2942 637 2986 oe,
655 2927 682 2974 in
700 2939 738 2976 ea.

141 3114 294 3174 secundam,
307 3128 373 3177 quae
385 3115 484 3178 incipit:
505 3111 605 3178 „Supra
617 3127 683 3177 quae
693 3110 832 3175 propitio“;
851 3115 875 3162 et
887 3127 917 3161 ea
928 3111 1040 3163 Leonem
1053 3116 1216 3180 apposuisse,

138 3201 235 3251 conicit
247 3198 404 3260 Duchenius‚
423 3203 526 3262 propter
537 3195 684 3247 Manicheos
702 3195 856 3248 declarando
868 3212 961 3261 panem
972 3202 997 3248 et
1009 3199 1109 3261 vinum,
1127 3200 1216 3252 oblata.

138 3287 209 3350 regis
230 3283 263 3335 de
282 3281 378 3342 Salem,
396 3282 464 3331 dona
482 3287 577 3332 saneta.
1058 3343 1059 3346 Ἴ

213 3375 222 3407 1
241 3366 380 3431 Gregorius
398 3363 436 3416 lli.
454 3381 522 3431 papa
540 3367 687 3425 731-741;
714 3364 771 3426 „hic
795 3367 853 3417 iecit
877 3369 1034 3418 oratorium.
1050 3406 1097 3418 ...
1115 3371 1142 3418 in
1161 3385 1215 3435 quo

139 3451 285 3505 recondivit
316 3451 343 3501 in
375 3451 472 3501 honore
500 3448 640 3500 Salvatoris
666 3455 820 3516 sanctaeque
845 3453 900 3501 eius
930 3454 1064 3516 genetricis
1090 3451 1216 3519 reliquias

139 3543 289 3590 sanctorum
301 3535 475 3599 apostolorum
488 3534 534 3585 vel
543 3535 661 3585 omnium
673 3541 818 3586 sanctorum
832 3540 974 3604 martyrum
987 3552 1016 3588 ac
1028 3538 1213 3598 consessorum,

139 3623 314 3688 perlectorum
332 3619 471 3683 iustorum,
495 3625 546 3669 toto
573 3620 600 3668 in
618 3619 679 3670 orbe
697 3625 821 3670 terrarum
839 3623 1061 3686 requiescentium.
1098 3621 1211 3684 Quorum

139 3707 206 3758 leste
224 3705 374 3769 vigiliarum
387 3720 402 3754 a
415 3701 548 3755 monachis
560 3705 637 3754 trium
652 3705 863 3756 monasteriorum
876 3706 930 3756 illic
943 3707 1109 3756 servientium
1121 3706 1212 3757 cotidie

140 3805 187 3856 per
211 3789 327 3839 ordinem
350 3790 485 3842 existentia
507 3793 583 3854 atque
605 3789 783 3839 nataliciorum
807 3791 898 3839 missas
917 3791 943 3840 in
961 3791 1052 3840 eodem
1070 3790 1127 3841 loco
1146 3791 1212 3841 cele-

139 3875 225 3936 brare,
248 3875 382 3926 instituens
404 3875 431 3925 in
453 3889 549 3925 canone
572 3874 606 3923 ita
623 3887 638 3922 a
656 3873 785 3925 sacerdote
807 3873 957 3924 dicendum:
983 3873 1098 3938 Quorum
1116 3877 1211 3928 solem-

54 4029 57 4038 Α
140 3961 216 4009 nitas
232 3961 294 4010 ete.“
330 3958 411 4010 Duch.
430 3957 447 4022 l,
460 3962 517 4011 417.

973 4045 1010 4096 5*
