2896 4828
522 509 768 560 ..xm-

104 690 194 734 anno
213 673 273 734 801
299 689 318 732 a
340 671 449 734 Caroio
473 672 584 748 Magno
607 689 627 733 e
649 672 801 734 Ravenna
817 674 1049 751 Aquisgrenum
1072 675 1184 753 depor-

103 783 187 849 tata,
211 793 268 837 seu
293 777 331 835 de
354 775 487 852 imagine
509 776 649 836 Tetrici.¹

179 879 232 954 14)
255 878 368 956 Hymni
393 885 423 938 et
446 879 585 938 earmina
608 879 646 938 de
669 879 763 938 rebus
785 867 945 940 dirersis.²

177 980 209 1038 In
233 981 375 1041 omnibus
400 982 465 1041 suis
493 979 691 1055 poematibus
714 981 859 1055 antiquos
881 988 991 1058 poetes
1013 982 1057 1042 uti
1080 982 1183 1058 Virgi-

109 1083 197 1155 lium,
226 1081 380 1154 Ovidium,
409 1082 617 1156 Prudentium
646 1084 821 1158 iuvencum,
852 1082 1011 1144 Seduiium
1040 1084 1180 1161 aliosque

106 1185 171 1245 sibi
203 1185 367 1262 proposuit
399 1184 591 1244 walafridus
624 1186 805 1258 imitandos,
838 1187 936 1262 magis
966 1201 1042 1247 vero
1074 1203 1182 1248 eorum

107 1289 304 1364 deprompsit
326 1288 457 1349 formem
482 1295 575 1364 atque
598 1289 769 1349 sententias
793 1305 886 1366 quam
908 1290 1015 1351 uerba.
1054 1289 1181 1348 Dicendi

108 1407 214 1465 genus
237 1389 305 1450 eius
328 1404 455 1466 semper
477 1391 539 1451 iere
562 1396 610 1450 est
631 1391 770 1466 politum,
793 1391 946 1452 interdum
970 1409 1045 1453 vero
1069 1399 1181 1453 tortum

109 1499 208 1566 atque
236 1491 413 1553 obscurum.
464 1493 510 1552 De
540 1492 664 1568 ingenio
690 1492 851 1554 Walasridi
878 1495 1001 1570 poetico
1028 1493 1089 1554 hoe
1114 1494 1184 1553 tulit

109 1593 259 1654 iudicium
275 1594 375 1655 Iacob.
394 1594 523 1655 Grimm:
547 1595 665 1670 „Kaum
689 1593 815 1655 mbehte
838 1613 873 1657 es
897 1596 983 1655 einer
1006 1612 1044 1655 en
1068 1596 1181 1656 feinem

108 1699 208 1756 taient
237 1697 305 1756 dem
329 1697 480 1757 Welasrid
508 1695 620 1758 Strabo
652 1715 747 1759 zuvor
780 1697 894 1774 gethan
924 1697 1038 1770 haben,
1069 1699 1181 1759 dessen

108 1799 255 1860 hortulus
270 1799 391 1860 weiobe
408 1815 502 1859 verse
516 1816 579 1860 von
595 1799 733 1875 innigem
749 1800 854 1874 geiiihl
872 1800 1032 1861 darbietet.
1067 1800 1181 1861 Volks-

109 1903 249 1978 missige
271 1903 428 1979 enkliinge
457 1889 697 1964 scheinen‘ihm
728 1903 840 1963 iedoeh
871 1903 1020 1963 sr·emd.“³
1062 1901 1184 1963 Lebeus
1297 1982 1300 1990 Ι

108 2013 218 2066 autem
239 2005 346 2066 laudat
368 2019 440 2064 eum
462 2007 506 2082 „le
523 2007 640 2080 Virgile
663 2006 777 2064 deson
800 2009 929 2080 temps.“
953 2005 994 2080 „il
1016 2022 1038 2080 y
1060 2021 1079 2064 e
1103 2006 1181 2065 dans

109 2123 150 2166 sa
172 2108 360 2183 description
385 2106 442 2167 des
465 2109 586 2183 piantes
601 2110 753 2184 quelques
770 2106 906 2166 endroits
929 2107 1180 2180 inuonrpurables

110 2216 144 2266 et
167 2208 278 2283 dignes
301 2211 342 2268 du
365 2207 458 2268 siecle
481 2206 703 2284 d'Auguste.“⁴

177 2394 358 2457 Scribebam
383 2397 537 2458 Monochii
562 2414 669 2459 mense
693 2399 836 2472 Augusto
861 2396 952 2458 1890.

184 2601 193 2636 ¹
210 2597 244 2650 M.
263 2596 292 2650 G.
310 2615 336 2664 p.
354 2599 371 2650 l.
389 2599 421 2661 ΙΙ,
439 2615 464 2664 p.
484 2601 542 2651 370.
577 2598 677 2664 Migne‚
701 2599 719 2652 l.
736 2614 758 2650 c.
775 2614 801 2664 p.
821 2599 894 2652 1089.
931 2597 979 2648 Cir.
997 2597 1083 2662 Book,
1106 2597 1181 2650 Jahr-

107 2682 207 2734 bircher
225 2683 271 2734 des
282 2683 391 2735 Vereins
409 2700 461 2734 von
473 2682 764 2735 Alterthumsireunden
784 2685 848 2736 1844
863 2688 888 2734 et
901 2685 974 2736 1811.
1012 2682 1117 2750 Gr1mm,
1135 2685 1181 2736 das

108 2767 325 2819 Reiierstandbild
343 2766 520 2819 Theodorichs
537 2785 568 2819 zu
586 2768 704 2820 Aeehen.
738 2769 824 2820 Berlin
844 2770 917 2821 1869.
952 2767 1035 2832 Zakn,
1056 2768 1144 2822 Jahrb.
1163 2771 1180 2822 1.

108 2852 348 2906 Kunstwissenseh.
366 2853 400 2914 V,
420 2857 480 2916 116;
498 2855 532 2916 V,
553 2857 575 2906 1.
594 2882 626 2891 -
647 2856 658 2891 ²
675 2853 709 2905 M.
728 2854 755 2905 G.
773 2869 799 2918 p.
816 2853 834 2903 l.
852 2852 879 2916 11,
897 2868 922 2918 p.
935 2852 984 2904 350
994 2868 1049 2920 sqq.
1084 2853 1180 2920 Migne,

108 2934 126 2986 l.
148 2950 170 2985 u.
188 2951 212 2999 p.
232 2938 295 2988 1092
306 2953 360 3002 sqq.
395 2936 485 3001 Mune,
510 2939 555 2990 Die
576 2938 620 2989 lat.
643 2939 765 3004 Hymnen
787 2937 832 2988 des
855 2936 1019 2988 Mittelalters.
1055 2935 1181 3002 Freiburg
1295 2965 1296 2972 .

109 3020 292 3082 1853-1855,
314 3025 331 3071 1.
356 3021 365 3070 Ι
386 3027 410 3072 et
432 3021 471 3072 ill.
498 3051 532 3060 -
560 3026 572 3062 ³
596 3022 693 3076 Grimm
719 3025 774 3076 und
800 3021 960 3083 Schmeller,
986 3021 1030 3074 lat.
1056 3020 1179 3073 Gediehte

107 3121 136 3171 p.
156 3105 218 3156 Vlli.
236 3134 270 3143 -
288 3110 298 3143 ⁴
318 3105 420 3172 stheus,
440 3107 529 3158 Divers
547 3107 622 3158 e'criis
640 3108 669 3170 ΙΙ,
687 3125 711 3173 p.
732 3110 787 3160 106.
