2896 4828
556 335 766 396 „21-

103 506 249 584 putabit
283 507 314 566 in
351 505 539 566 tabernaculi
575 507 627 566 vel
669 505 775 580 templi
813 506 1042 567 constructione
1079 507 1193 568 iecisse

102 610 260 684 Moysen
289 615 321 668 ct
348 608 566 669 Salomonem?
602 623 673 669 curn
708 613 739 666 et
771 607 823 666 ille
855 609 1026 668 secundum
1058 608 1191 670 divinam

106 711 298 772 iussionem
314 711 501 771 cortinarum
517 709 701 769 varietatem
718 715 749 768 et
771 709 981 768 indumentum
999 711 1193 770 'sacerdotale

111 813 261 873 diversis
293 813 449 873 ornaverit
479 811 619 887 liguris1;
652 815 684 869 et
714 811 774 870 iste
806 811 978 871 secundum
1009 807 1193 888 sapientiam

113 913 273 976 divinitus
295 914 354 975 sibi
377 914 557 974 attributam
580 912 708 988 picturis
740 917 771 971 ei
793 915 970 990 sculpturis
993 929 1055 974 non
1076 917 1192 972 tantum

114 1018 319 1087 animalium,
346 1018 402 1076 sed
430 1017 525 1075 etiam
554 1015 696 1074 arborum
726 1019 757 1073 et
783 1009 965 1087 herbarum,
994 1031 1075 1093 pene
1101 1030 1193 1075 omne

113 1133 206 1194 opus
236 1118 344 1194 templi
373 1116 565 1191 distinxerit,
589 1121 717 1190 uterque
746 1116 874 1193 insuper
901 1116 1057 1177 Cherubin
1088 1117 1193 1179 simili-

111 1219 249 1278 tudinea
286 1235 382 1294 super
418 1233 522 1276 arcam
560 1222 591 1276 ct
627 1216 871 1294 propitiatorium
910 1219 1070 1278 statuerit?
1119 1218 1192 1278 Cum

115 1325 246 1380 certum
271 1321 319 1392 sit,
350 1324 381 1379 et
402 1319 473 1378 illos
497 1318 539 1377 ita
562 1320 699 1378 sensisse
722 1326 752 1378 et
774 1337 832 1380 nos
862 1320 906 1378 ita
929 1316 1047 1380 sentire
1070 1321 1194 1394 debere,

117 1421 213 1497 quod
236 1421 380 1481 videlicet
407 1437 469 1482 non
500 1421 561 1480 sint
583 1419 649 1480 Deo
677 1419 788 1481 debitis
810 1421 945 1482 cultibus
969 1426 1000 1481 et
1021 1417 1194 1482 honoribus

120 1525 267 1595 colenda,
292 1539 371 1600 quae
394 1519 434 1584 ab
456 1523 515 1584 illis
537 1526 586 1582 vel
609 1523 701 1583 nohis
731 1522 812 1584 lacta
836 1520 926 1582 suntb
947 1525 997 1582 vel
1019 1522 1119 1596 hund,
1143 1533 1194 1583 aut

118 1623 324 1702 significandi
353 1625 483 1686 alicuius
514 1625 654 1701 mysterii
677 1641 783 1699 causa,
812 1629 847 1684 ut
874 1621 925 1683 in‘l
950 1625 1142 1685 tabernaculi
1163 1630 1195 1685 et

117 1726 233 1802 templi
256 1731 411 1788 structura
434 1729 564 1800 omnia&
588 1721 658 1788 autf
680 1729 719 1787 ob
742 1727 1066 1788 commemorationem
1088 1743 1192 1787 rerum

120 1833 296 1902 gestarum,
319 1835 353 1887 ut
375 1831 514 1904 picturae
537 1828 747 1901 historiarum,
778 1834 831 1887 aut
852 1827 891 1888 ob
915 1845 1053 1916 amorem
1077 1843 1194 1901 eorum,

122 1945 261 2005 quorum
285 1929 502 1990 similitudines
523 1937 605 2002 sunt,
629 1931 737 1990 animis
753 1931 925 1989 videntium
948 1931 1069 1990 artius&
1091 1930 1196 2005 impri-

123 2027 303 2102 mendnml,
326 2035 359 2088 ut
381 2031 535 2106 imagines
556 2031 679 2090 Domini
708 2038 738 2091 et
765 2035 943 2090 sanctorum
967 2030 1043 2091 eius.
1088 2029 1194 2107 Neque

126 2132 211 2190 enim
249 2131 362 2190 frustra
396 2133 550 2209 superiori
583 2133 755 2193 sententiae
789 2131 986 2191 subiunctnm
1021 2137 1080 2193 est:
1114 2150 1196 2209 ‚mon

127 2233 391 2306 odoratumque
407 2236 492 2294 coles
506 2234 590 2308 ea“²,
615 2230 663 2293 uti
685 2233 831 2293 videlicet
850 2233 1076 2308 intellegamus
1101 2233 1128 2292 in
1144 2235 1194 2296 his

129 2330 280 2394 iaciendis
310 2334 508 2396 devotionem
541 2341 571 2395 et
598 2336 768 2409 utilitatem,
800 2331 883 2411 quak
914 2331 1116 2398 commoneri¹
1144 2339 1195 2399 vel

128 2431 240 2497 instrui
257 2439 443 2512 appetimus,
460 2455 521 2498 non
539 2454 612 2498 esse
629 2441 852 2516 culpandamm,
871 2439 928 2497 sed
943 2439 974 2496 in
990 2436 1039 2496 his
1054 2440 1195 2501 colendis

129 2539 380 2615 superstitionem
410 2544 441 2596 et
469 2535 702 2615 hebetudinem,
733 2557 795 2616 qua
825 2539 993 2616 spiritalem
1017 2542 1132 2603 cultum
1154 2545 1194 2604 ad

131 2643 302 2718 corporalia
336 2641 498 2699 traducere
533 2643 653 2702 erronei
688 2645 832 2715 nituntur,
867 2659 939 2702 esse
973 2638 1193 2708 damnandam.

134 2740 223 2814 Sane,
252 2741 278 2801 si
308 2743 356 2802 cui
383 2742 507 2801 videtur
538 2758 589 2803 ars
624 2747 776 2822 pictorum
803 2746 853 2805 vel
884 2745 1039 2805 labrorum
1067 2747 1106 2807 oh
1133 2746 1195 2811 hoc

136 2843 293 2918 culpanda,
323 2845 412 2918 quasi
442 2859 585 2920 eaquae
614 2847 652 2905 ab
681 2847 757 2923 ipsis
786 2846 863 2906 liunt
890 2851 1017 2922 propter
1042 2849 1116 2908 artis
1140 2849 1194 2908 dc-

137 2959 234 3004 corem
251 2949 282 3004 et
297 2947 543 3007 convenientiam
560 2948 600 3006 ad
617 2949 732 3007 cultum
753 2949 800 3008 sui
814 2947 952 3007 inliciant
962 2947 1194 3024 inspicientesl,

137 3046 243 3122 poterit
273 3053 495 3122 consequenter
518 3056 548 3108 et
570 3049 626 3108 Dei
649 3049 820 3110 obtrectare
843 3049 979 3121 iacturis,
1008 3063 1105 3124 quare
1127 3048 1194 3124 ipse

136 3151 182 3210 vel
204 3148 367 3208 luminaria
395 3149 471 3208 caeli
497 3150 574 3210 tanti
603 3151 780 3226 splendoris
808 3152 858 3209 vel
885 3149 1002 3210 herbas
1029 3156 1060 3208 et
1086 3151 1195 3211 holera

136 3257 232 3310 tantae
261 3251 414 3310 creaverit
439 3252 613 3312 venustatis
644 3259 674 3313 et
703 3253 818 3326 odoris,
849 3268 918 3312 cum
949 3254 1029 3328 ipsa,
1065 3253 1146 3312 sicut
1175 3270 1192 3312 c

196 3448 262 3515 ⁸0e‚
281 3451 485 3505 similitudinem.
504 3482 535 3491 -
556 3440 569 3479 b
588 3469 625 3516 oe,
639 3455 697 3504 sint.
716 3482 750 3491 —
769 3452 779 3478 ⁰
797 3469 835 3515 oe,
854 3453 955 3504 luerint.
974 3481 1005 3490 -
1024 3438 1039 3479 ‘¹
1057 3468 1095 3516 oe,
1108 3467 1150 3502 om
1163 3452 1190 3502 in

139 3561 167 3570 —
177 3550 187 3578 a
198 3551 234 3598 oe,
247 3537 340 3588 omnis.
358 3565 391 3574 —
409 3521 421 3564 f
433 3536 478 3601 ml,
487 3553 538 3589 om.
552 3543 602 3588 aul.
622 3567 653 3576 -
673 3537 736 3601 Sue,
749 3538 850 3589 arctius.
867 3565 901 3574 -
919 3523 932 3562 ¹¹
951 3553 988 3601 oe,
1001 3535 1196 3603 imprimendae.

139 3605 185 3656 „i
201 3635 237 3682 oe,
256 3619 332 3671 unde.
351 3648 384 3658 -
402 3607 418 3648 k
435 3621 480 3684 ml,
493 3636 580 3686 quarn.
600 3651 631 3660 —
651 3608 657 3649 ¹
671 3639 709 3686 oe,
722 3623 887 3673 commoveri.
901 3650 932 3659 -
946 3621 965 3648 ¹¹¹
978 3638 1016 3684 oe,
1029 3620 1195 3687 culpandum.
1248 3665 1257 3684 ,

141 3731 167 3740 -
183 3701 195 3730 ¹¹
211 3703 273 3766 mlh,
291 3705 449 3769 insipientes.

201 3894 209 3926 1
226 3889 309 3942 Exod.
327 3905 367 3955 cp.
381 3888 471 3953 xxvi,
489 3889 580 3939 XXVII
597 3895 621 3940 et
638 3889 750 3944 XXVlll.
767 3920 801 3930 —
821 3895 832 3929 ²
849 3892 931 3944 Exod.
948 3889 1001 3953 XX,
1020 3895 1043 3942 5.
