3008 4780
677 400 910 461 -100-

259 572 430 635 tiochensis
452 575 484 633 in
504 567 589 646 Asia,
612 573 819 632 alexandrina
840 571 870 630 in
886 570 999 631 Africa.
1037 573 1070 630 ln
1094 575 1223 636 concilio
1245 575 1327 635 enim

258 677 389 736 nicaeno
401 676 509 736 harum
521 677 613 735 trium
626 675 819 750 privilegium
829 674 1031 732 ecclesiarum
1043 676 1175 735 caeteris
1184 678 1327 739 omnibus
1350 667 1352 669 ’

216 762 218 765 ’
260 779 489 840 anteferendum
512 778 709 838 ostenditur.¹
745 776 809 836 Sed
833 782 954 851 potesta
974 777 1066 836 trium
1090 779 1231 839 locorum
1255 781 1329 840 erni-

260 879 365 938 nentia
378 880 415 938 ad
429 896 523 940 unam
535 880 715 956 dignitatern
731 877 846 948 referri,
864 878 937 952 quia
952 877 981 936 in
996 877 1119 939 duobus
1131 877 1244 942 horum
1261 883 1329 956 ipse

260 982 369 1041 Petrus
392 982 481 1058 sedit,
508 983 632 1041 tertium
657 979 866 1050 nihilominus
895 981 925 1038 id
950 987 999 1039 est
1020 981 1243 1043 Alexandriam
1273 1001 1330 1060 per
1351 1043 1358 1056 ,

258 1085 397 1144 Marcum
419 1083 513 1143 filiurn
530 1101 622 1148 suum
646 1082 903 1158 aevangelium,
927 1081 1011 1156 quod
1037 1098 1075 1140 ex
1093 1098 1145 1142 ore
1169 1085 1237 1144 eius
1260 1085 1327 1160 ipse

258 1186 382 1246 Marcus
406 1185 625 1261 descripserat,
656 1200 743 1244 suam
773 1182 919 1243 effecerat
946 1182 1063 1244 sedem.
1109 1184 1253 1246 Similiter
1283 1186 1328 1244 in-

257 1289 469 1364 tellegendum
503 1290 540 1348 de
574 1288 798 1364 principatibus
833 1287 966 1356 saeculi,
1000 1287 1083 1362 quod
1118 1288 1263 1362 quamvis
1297 1289 1328 1347 in

258 1392 392 1451 diversis
423 1390 506 1450 orbis
535 1391 676 1467 partibus
705 1406 760 1466 per
787 1395 928 1464 tempora
958 1405 1015 1448 sua
1043 1389 1194 1463 fulserint,
1222 1398 1354 1486 pernen·

258 1493 298 1551 ad
322 1493 370 1551 ius
387 1507 547 1552 romanum
570 1492 660 1567 qnasi
682 1508 779 1551 unum
796 1491 916 1567 apicem
940 1495 1099 1566 postremo
1116 1508 1225 1553 omnes
1248 1509 1328 1569 pene

257 1595 347 1654 relati
377 1599 459 1653 sunt.
507 1593 714 1670 -Gomparetur
743 1608 816 1668 ergo
845 1609 928 1669 papa
957 1609 1104 1653 romanus
1134 1595 1274 1670 augustis
1298 1601 1329 1655 et

258 1697 448 1766 caesaribus,
474 1695 669 1770 patriarchae
692 1711 770 1754 vero
798 1695 944 1773 patriciis
975 1695 1026 1770 qui
1049 1695 1138 1770 primi
1163 1703 1235 1771 post
1258 1712 1324 1756 cae-

257 1814 345 1858 sares
377 1799 406 1857 in
438 1798 576 1873 imperiis
608 1797 705 1857 luisse
736 1797 895 1869 videntur,
930 1795 971 1857 ita
1002 1803 1033 1856 et
1064 1797 1129 1871 isti,
1164 1799 1216 1874 qui
1250 1800 1326 1858 satis

256 1902 347 1976 pauci
364 1907 447 1972 sunt,
469 1899 560 1976 primi
581 1906 655 1974 post
674 1901 763 1960 trium
781 1900 904 1960 sedium
921 1902 1085 1977 praesules
1108 1897 1270 1958 habentur.
1285 1903 1327 1945 -’-

256 2004 373 2065 Deinde
396 2001 653 2079 archiepiscopos
678 2002 730 2078 qui
752 2003 830 2078 ipsis
854 2003 1101 2080 metropolitanis
1122 2001 1326 2078 praeminent,

255 2108 382 2182 regibus
413 2107 623 2180 conseramus;
657 2105 912 2180 metropolitanos
945 2111 1047 2165 autem
1082 2104 1213 2165 ducibus
1244 2121 1328 2164 com·

254 2225 417 2284 paremus,
447 2209 627 2283 quiasieut
650 2207 748 2266 duces
777 2207 969 2282 singularum
994 2213 1065 2268 sunt
1087 2208 1326 2283 provinciarum,

256 2313 298 2370 ita
321 2316 351 2371 et
373 2310 415 2370 illi
439 2312 468 2369 in
492 2309 622 2382 singulis
647 2307 816 2384 provinciis
840 2305 973 2383 singulib
995 2317 1164 2384 ponuntur;
1181 2309 1270 2374 ,unde
1294 2309 1324 2367 in

255 2410 496 2473 chalcedonensi
520 2412 648 2472 concilio
678 2413 816 2472 iubetur:
847 2428 886 2471 ne
909 2427 973 2473 una
999 2411 1162 2488 provincia
1191 2413 1219 2470 in
1245 2412 1325 2471 duos

255 2516 509 2589 metropolitanos
532 2513 715 2574 dividatur.2
729 2549 772 2558 —
791 2515 875 2588 Quod
900 2515 1029 2574 comites
1052 2514 1101 2573 vel
1125 2513 1272 2588 praelecti
1295 2513 1325 2572 in

255 2617 398 2692 saeculo,
427 2615 486 2675 hoc
510 2617 649 2692 episcopi
673 2617 787 2677 caeteri
810 2617 841 2675 in
872 2616 1005 2676 ecclesia
1035 2618 1170 2691 explent.
1215 2616 1326 2675 Fertur

254 2721 346 2792 enim,
370 2720 399 2777 in
417 2718 550 2779 Orientis
566 2720 706 2794 partibus
717 2736 778 2805 ,per
794 2721 933 2794 singulas
949 2721 1045 2778 urbes
1061 2727 1092 2778 et
1114 2719 1325 2793 praefecturas

255 2821 396 2895 singulas
420 2836 491 2880 esse
514 2811 731 2897 episcoporum
756 2820 1008 2897 gubernationes.
1031 2851 1074 2864 -
1097 2821 1184 2880 Sicut
1210 2818 1325 2878 tribuni

254 2924 402 2984 militibus
425 2930 599 2998 praeerant,
628 2925 670 2984 ita
693 2925 824 2985 abbatas
849 2922 1019 2996 monachis,
1049 2921 1175 2984 athletis
1201 2921 1323 2997 spirita-

252 3028 344 3101 libus,
362 3042 509 3102 praeesse
528 3032 706 3088 noscuntur.
723 3061 766 3070 —
783 3027 1049 3100 Quemadmodum
1065 3025 1181 3086 suntin
1198 3024 1323 3100 palatiis

254 3136 492 3204 praeceptoresc
513 3129 564 3188 vel
587 3129 717 3188 comites
741 3128 863 3205 palatii,
895 3129 948 3203 qui
978 3127 1184 3188 saecularium
1207 3140 1323 3186 causas

253 3231 411 3302 ventilant,
433 3230 475 3290 ita
498 3235 571 3290 sunt
595 3237 625 3290 et
646 3231 699 3302 illi,
727 3247 806 3307 quos
831 3245 970 3290 summos
994 3231 1190 3304 cappellanos
1213 3228 1323 3289 Franci

254 3335 421 3412 appellant,
453 3333 634 3393 clericorum
659 3335 764 3393 causis
792 3333 931 3409 praelati.
979 3330 1158 3409 Gappellani
1187 3330 1323 3391 minores

253 3437 296 3497 ita
317 3441 391 3497 sunt
412 3436 494 3495 sicut
515 3434 556 3513 hi,
580 3453 660 3512 quos
682 3452 794 3496 vassos
818 3435 992 3498 dominicos
1020 3437 1132 3510 gallica
1155 3439 1323 3494 consuetu·

252 3538 323 3598 dine
346 3537 550 3599 nominamus.
596 3539 675 3598 Dicti
706 3545 779 3598 sunt
807 3546 909 3598 autem
939 3538 1081 3614 primitus
1111 3536 1325 3611 cappellania

321 3721 333 3749 ¹²
350 3737 370 3786 c,
388 3727 452 3786 post.
472 3750 503 3759 -
523 3708 535 3748 b
555 3737 589 3785 m,
607 3723 725 3786 singulis.
743 3752 777 3760 -
795 3723 805 3750 ⁰
823 3723 870 3788 Ml,
888 3726 1025 3788 praetores,

323 3879 333 3912 1
350 3874 411 3927 Can.
423 3875 458 3924 Vl
476 3875 579 3926 concilii
597 3877 696 3928 nicaeni
716 3877 759 3928 cir.
775 3876 863 3928 Helele
875 3875 952 3927 Conc.
966 3874 1057 3928 Gesch.
1076 3875 1121 3928 Bd.
1134 3875 1153 3937 l,
1170 3891 1194 3940 p.
1208 3877 1257 3928 389
1267 3889 1323 3941 sqq.

251 3989 285 3998 —
305 3963 315 3997 ²
333 3958 393 4012 Can.
411 3960 454 4010 Xll
472 3961 622 4013 chalcedon.
641 3962 732 4015 concil.
751 3961 840 4014 Decret
858 3961 925 4013 Grat.
943 3975 964 4013 c.
986 3963 1007 4014 1.
1026 3959 1088 4016 Disl.
1109 3963 1165 4015 101.
