2956 4766
675 393 887 452 -.62-

251 564 339 623 tcm.¹
374 561 413 620 Et
432 561 612 630 notandum,
636 561 773 621 Graecos
796 561 869 621 illud
894 559 1079 638 symbolum,
1103 562 1186 637 quod
1202 575 1260 620 nos
1276 561 1317 620 ad

250 665 449 723 imitationem
481 678 587 723 eorum
617 665 697 723 intra
725 665 838 724 missas
866 664 1067 732 assumimus
1096 662 1314 738 potiusquam

249 765 310 825 alia
339 766 368 824 in
399 764 570 824 cantilenae
600 765 793 826 dulcedinem
818 764 888 824 ideo
912 765 1118 834 transtulisse,
1148 764 1220 839 quia
1243 778 1317 823 con-

249 867 514 942 stantinopolitani
548 869 668 926 concilii
702 868 861 943 proprium
896 871 945 925 est
977 872 1008 925 et
1044 868 1178 926 fortasse
1211 867 1317 944 aptius

247 969 412 1028 videbatur
428 969 560 1027 modulis
578 984 734 1041 sonorum,
759 985 853 1045 quam
875 967 1046 1036 nicaenum,
1070 967 1154 1044 quod
1176 973 1318 1041 tempore

248 1073 334 1148 prius
358 1079 414 1144 est,
438 1077 468 1130 et
490 1078 524 1129 ut
547 1076 655 1130 contra
676 1069 905 1130 haereticorum
927 1085 1050 1129 venena
1073 1069 1103 1128 in
1126 1071 1203 1146 ipsis
1222 1070 1318 1128 etiam

248 1179 514 1234 sacramentorum
550 1172 811 1231 celebrationibus
842 1173 1069 1231 medicamenta
1097 1171 1181 1246 apud
1210 1169 1319 1244 regiae

247 1293 322 1336 suae
356 1274 451 1344 urbis,
477 1273 584 1332 sedem
620 1275 760 1334 conlecta
793 1273 930 1334 fidelium
967 1274 1092 1333 devotio
1125 1272 1320 1346 replicaret.²

247 1380 295 1437 Ab
326 1377 403 1451 ipsis
428 1392 501 1449 ergo
532 1375 570 1433 ad
594 1375 752 1436 Romanos
783 1377 832 1435 ille
857 1392 935 1436 usus
959 1376 1093 1436 creditur
1115 1375 1320 1450 pervenisse3

246 1479 301 1538 sed
335 1479 418 1554 apud
447 1476 552 1535 Gallos
585 1484 615 1535 et
643 1477 815 1538 Germanos
845 1484 918 1551 post
949 1477 1152 1538 deiectionem
1184 1476 1320 1536 Felicis³

245 1577 396 1638 haeretici
413 1577 472 1637 sub
496 1578 720 1650 gloriosissimo
736 1579 851 1639 Karolo
870 1579 1059 1640 Francorum
1083 1584 1202 1636 rectore
1226 1578 1319 1636 dam-

245 1680 319 1750 nati,
342 1681 423 1739 idem
441 1679 615 1755 symbolum
641 1681 733 1740 latius
757 1687 789 1740 et
811 1681 951 1741 crebrius
974 1681 1003 1739 in
1029 1681 1193 1739 missarum
1212 1679 1320 1755 coepit

245 1783 352 1843 ollioiis
376 1781 490 1841 iterari.
522 1779 658 1841 Concilio
675 1797 802 1858 quoque
824 1783 959 1842 toletano
976 1788 1125 1844 statutum
1142 1791 1198 1857 est,
1214 1784 1320 1852 „omni

246 1887 401 1945 dominico
438 1884 517 1943 idem
553 1885 720 1958 symbolum
758 1884 925 1942 secundum
958 1901 1073 1944 morem
1117 1885 1318 1944 orientolium

245 1989 451 2046 ecclesiarum
466 1987 609 2059 recitari,
633 1991 668 2044 ut
683 1988 870 2061 priusquam
890 1987 1045 2046 dominica
1060 1986 1180 2045 dmotur
1195 1989 1313 2059 oratio,

148 2105 150 2109 ’
242 2090 321 2160 fides
354 2105 428 2147 cera
463 2089 655 2160 manifestius
687 2090 889 2149 testimonium
922 2091 1037 2148 habeat
1067 2095 1098 2148 et
1125 2090 1168 2148 ad
1199 2105 1317 2161 corpus

247 2191 360 2250 Christi
374 2207 413 2248 ac
427 2192 610 2264 sanquinem
621 2190 864 2265 praelibandum
874 2200 1011 2268 pectora
1022 2193 1210 2267 populorum
1220 2191 1313 2264 puri-

225 2296 340 2378 ficato
364 2292 567 2351 accedentia
609 2291 641 2349 In
670 2293 810 2352 eiusdem
836 2291 894 2351 loci
920 2291 1050 2350 concilio
1079 2297 1225 2353 statutum
1254 2295 1308 2356 est,

244 2399 278 2454 ut
293 2394 385 2452 etiam
400 2409 515 2468 ymnus
536 2393 628 2452 trium
646 2396 833 2469 puerorum⁵
849 2393 890 2452 ad
908 2393 1035 2451 missam
1052 2393 1134 2451 omni
1157 2391 1311 2450 dominica

240 2572 242 2576 ’
316 2581 322 2613 ¹
342 2574 392 2626 cn.
411 2577 484 2627 Rdrn.
496 2575 525 2638 X,
540 2579 572 2628 10
591 2573 629 2632 εἰς
646 2574 792 2645 σωτηρίως
810 2576 890 2640 Vulg.
909 2577 941 2626 ad
959 2576 1076 2627 salutem.
1095 2605 1129 2612 -
1149 2579 1159 2613 ²
1176 2575 1313 2625 Recitatio-

243 2675 302 2710 nem
316 2660 429 2725 symboli
446 2666 470 2710 et
488 2660 592 2724 quidem
605 2662 705 2711 nicaeni
722 2662 748 2710 in
761 2676 832 2712 sacra
845 2662 939 2728 synaxi
955 2663 1067 2726 primurn
1081 2660 1181 2712 aPetro
1193 2657 1315 2722 Fullone,

242 2744 386 2809 patriarcha
403 2744 553 2795 antiocheno
572 2750 596 2795 et
613 2744 803 2812 monophysita,
827 2761 848 2797 c.
866 2748 916 2798 490
934 2746 1104 2796 introductam
1122 2761 1177 2794 esse
1198 2742 1314 2806 traditur,

243 2845 294 2897 quo
312 2831 446 2880 conamine
463 2828 569 2895 impulsi
587 2829 722 2880 orthodoxi
740 2831 812 2880 initio
824 2830 902 2882 seculi
914 2830 957 2882 VI.
976 2847 1023 2881 sua
1035 2845 1066 2879 ex
1078 2833 1148 2893 parte
1161 2827 1312 2894 symbolum

241 2913 664 2979 nicaeno-constantinopolitanum
687 2920 842 2979 receperunt.
882 2916 960 2965 Anno
984 2916 1032 2967 589
1060 2912 1176 2980 synodus
1201 2911 1314 2962 toletana

240 3001 313 3050 tertia
330 3001 459 3050 constituit
477 3014 532 3049 can.
544 2997 577 3047 ll:
598 3002 639 3058 „ut
656 3013 700 3062 per
718 3001 806 3048 omnes
825 2998 945 3049 ecclesias
957 3000 1096 3064 Hispaniae
1107 2997 1150 3048 vel
1167 2997 1313 3047 Callaeciae

242 3086 383 3136 secundnm
400 3086 516 3151 sormam
534 3084 700 3136 orientolium
718 3084 899 3143 ecclesiarum,
917 3082 1018 3134 concilii
1037 3081 1312 3146 constantinopolitani,

242 3166 291 3217 hoc
309 3174 345 3218 est
367 3170 657 3234 centumquinquaginta
680 3168 857 3232 episcoporum
882 3168 1031 3235 symbolum
1055 3168 1115 3218 fidei
1137 3168 1260 3227 recitetur,
1285 3172 1312 3216 ut

241 3252 391 3315 priusquam
416 3253 544 3304 dominica
565 3253 663 3303 dicatur
687 3254 773 3315 oratio,
800 3269 862 3303 voce
883 3253 951 3303 clara
976 3269 991 3302 a
1017 3251 1112 3318 populo
1139 3251 1310 3302 decantetur.“

242 3334 325 3385 Mansi
342 3341 358 3384 i.
377 3335 419 3397 IX,
437 3340 493 3389 993.
521 3338 606 3388 Labbe
624 3343 640 3387 t.
653 3337 696 3399 VI,
717 3340 811 3401 insidii.
830 3367 861 3376 -
881 3341 892 3376 ³
910 3337 982 3388 Felix
1001 3338 1135 3403 episcopus
1153 3335 1312 3401 urgelitanae

241 3419 361 3471 ecclesiae
373 3420 554 3484 adoptianismi
567 3422 664 3472 haeresi
678 3423 793 3483 insectus,
806 3422 941 3473 damnatus
954 3429 991 3473 est
1003 3423 1102 3487 synodo
1114 3421 1228 3486 generali
1241 3435 1311 3470 anuo

242 3507 291 3556 794
309 3504 378 3568 apud
402 3503 607 3556 Franoofordiam
631 3507 763 3559 celebrato.
799 3506 848 3558 Cir.
868 3507 966 3572 Helele‚
991 3505 1208 3570 Conciliengesoh.
1228 3509 1250 3558 2.
1269 3506 1312 3556 ed.

241 3595 258 3640 l.
276 3588 319 3649 lli,
344 3590 391 3640 642
404 3604 459 3654 sqq.
485 3619 515 3626 -
541 3587 619 3641 ⁴Cir.
642 3606 720 3655 supra
738 3597 789 3644 not.
808 3595 831 3644 2.
857 3621 888 3629 -
915 3597 926 3630 ⁵
948 3593 1010 3642 Dan.
1032 3591 1072 3653 ΙΙΙ,
1094 3594 1125 3661 57
1136 3606 1190 3656 sqq.
1225 3590 1312 3640 Huius

241 3675 331 3724 cantici
352 3675 379 3723 in
405 3673 518 3725 officium
543 3674 661 3724 divinum
683 3677 820 3727 introducti
842 3679 955 3742 primurn
978 3677 1037 3727 iacit
1059 3677 1216 3725 mentionem
1242 3673 1313 3726 liber

243 3759 274 3810 de
300 3761 425 3825 cincinni,
452 3760 496 3810 ubi
523 3760 681 3809 invenimus:
719 3760 857 3821 „Matutine
882 3760 946 3812 hora
972 3761 1042 3813 huno
1066 3761 1141 3812 dicite
1166 3758 1310 3824 psalmum:

241 3843 326 3906 ,Deus
350 3843 413 3894 deus
431 3859 504 3895 meus
522 3844 554 3894 ad
572 3849 595 3895 te
613 3844 645 3895 de
661 3844 718 3895 luce
735 3847 836 3909 vigilo‘;
859 3848 907 3898 sub
928 3846 1043 3897 diluculo
1061 3862 1132 3896 vero:
1156 3843 1312 3904 ,Benedicite

241 3929 329 3978 omnia
341 3945 417 3993 opera
429 3929 539 3992 Domini,
557 3929 691 3980 Domino.“
730 3929 830 3992 „Gloria
847 3933 874 3982 in
889 3931 997 3982 excelsis
1015 3931 1067 3982 Deo
1085 3936 1109 3981 et
1120 3932 1147 3980 in
1163 3935 1228 3980 terra
1244 3939 1312 3993 pax,
