2896 4828
686 279 874 338 -2-

306 448 347 501 XI.
365 449 432 512 Quid
449 450 509 500 item
527 463 578 498 non
596 446 695 500 debeat.

299 533 352 584 XII.
372 534 406 582 De
423 532 512 583 orandi
531 531 614 582 modis
634 535 657 581 et
675 531 794 581 distantia
811 545 914 580 vooum.

289 617 350 670 XIII.
368 617 465 680 Quibus
483 619 562 681 prosit
579 615 683 668 divinus
701 615 785 667 cultus
803 621 828 668 et
846 615 940 680 quibus
958 630 1018 665 uon.

288 702 355 755 XIV.
374 702 454 752 iustas
472 703 613 753 oblationes
626 706 649 752 et
661 710 745 766 magis
758 702 862 752 virtutes
876 714 952 764 quam
966 700 1107 765 corporalia
1120 716 1226 752 munera
1239 701 1319 752 deum

378 786 531 839 desiderare.

299 871 354 921 XV.
373 871 408 923 De
427 871 599 923 oblationibus
616 875 741 921 veterum.

289 955 353 1006 XVI.
373 955 408 1007 De
426 957 556 1007 sacrificiis
575 957 636 1006 novi
653 955 804 1007 testamenti.

278 1038 354 1089 XVII.
373 1038 423 1091 Cur
441 1046 537 1092 mutata
555 1041 604 1090 siut
622 1056 667 1105 par
685 1038 816 1089 Christum
835 1039 966 1090 sacrificia.

268 1123 355 1176 XVIII.
373 1125 409 1175 De
426 1126 518 1177 virtute
535 1130 753 1176 sacramentorum
769 1128 791 1175 et
809 1139 853 1174 our
869 1123 901 1174 ab
919 1125 956 1174 eis
973 1125 1103 1174 criminosi
1121 1122 1315 1188 suspendantur.

293 1208 357 1260 XIX.
375 1209 441 1271 Quid
459 1209 618 1261 offerendum
636 1211 668 1258 sIt
685 1210 712 1259 in
730 1209 809 1261 altari.

302 1293 356 1345 XX.
374 1293 432 1358 Non
450 1292 481 1343 ab
500 1293 556 1344 aliis
575 1308 652 1358 quam
670 1295 764 1344 ieiunis
783 1292 1038 1345 communicandum.

295 1376 359 1428 XXI.
378 1377 452 1439 Quod
461 1377 505 1427 alii
517 1378 609 1437 rarius,
619 1377 663 1426 alii
675 1377 795 1438 crebrius,
806 1377 850 1427 alii
862 1378 954 1428 cotidie
966 1377 1209 1429 oommunIoandum
1222 1377 1319 1429 dieunt.

287 1461 362 1512 XXII.
380 1461 470 1512 Utrum
483 1462 563 1514 semel
574 1461 617 1514 vel
629 1463 730 1527 saepius
743 1463 768 1512 in
782 1461 822 1513 die
835 1461 926 1513 offerre
938 1463 1073 1512 conveniat
1084 1468 1107 1513 et
1119 1463 1320 1514 communicare.

278 1544 364 1597 XXIII.
383 1546 419 1598 De
437 1546 526 1596 ordIne
545 1547 638 1596 missae
656 1552 679 1597 et
697 1546 819 1597 offerendi
838 1547 940 1598 ratione.

279 1630 366 1682 XXIV.
386 1631 421 1681 De
439 1636 553 1694 tempore
572 1630 673 1681 missae.

286 1714 366 1766 XXV.
384 1717 420 1766 De
437 1716 506 1764 vasis
524 1721 548 1764 et
565 1713 679 1764 vestibus
697 1717 783 1765 saoris.

268 1799 369 1866 {XXVI
388 1801 423 1850 De
440 1798 510 1849 horis
533 1800 674 1862 canonicis,
693 1815 808 1864 genuum
827 1800 950 1862 flexione,
968 1801 1067 1867 ymnis,
1090 1797 1216 1849 cantilena
1233 1803 1258 1850 ei
1274 1798 1315 1847 in·

386 1883 521 1935 crementis
539 1899 637 1936 eornm.

267 1967 364 2020 XXVII.
383 1969 419 2023 IIe
436 1968 556 2034 baptismi
579 1969 737 2020 incremento
761 1977 785 2021 et
804 1971 930 2022 mersione
953 1976 977 2020 et
994 1969 1078 2020 oausis
1094 1967 1318 2032 baptizandorum.
1362 2018 1364 2021 ,

252 2051 365 2106 XXVIII.
383 2053 419 2104 ne
436 2054 543 2104 deoimIs
561 2053 660 2106 dandis.

280 2134 366 2186 XXIX.
385 2137 421 2187 De
438 2137 554 2189 laetaniis
572 2139 689 2203 agendis.

286 2220 362 2272 XXX.
380 2221 416 2272 De
433 2237 499 2287 aqua
517 2223 664 2288 sparsionis.

275 2303 363 2354 XXXI.
384 2305 417 2355 De
434 2305 610 2357 benedictione
628 2308 702 2360 oerei.

262 2388 361 2440 XXXII.
380 2387 540 2454 Comparatio
559 2389 788 2442 ecelesiasticorum
810 2391 930 2441 ordinum
949 2397 974 2442 et
985 2390 1139 2441 secularium
1151 2395 1175 2440 et
1186 2387 1315 2438 oouolusio

380 2472 471 2524 libelli.

666 2694 770 2744 Finiunt
787 2694 907 2758 capitula.

1420 1394 1426 1452 .

1423 1529 1426 1628 I
