2956 4766
598 366 803 427 ..37-

172 532 260 606 Quod
288 533 315 592 si
348 547 367 591 a
399 531 529 592 diacono
558 536 608 593 vel
639 534 779 610 quolibet
812 535 871 595 alio
905 533 1031 595 homine
1064 535 1240 612 baptizatus

171 648 247 692 casn
275 639 346 692 ante
377 634 643 694 confirmationem
676 637 848 708 transierit,
879 637 1072 697 credendus³
1101 655 1160 698 non
1192 647 1241 698 est

170 735 271 811 perire
295 742 422 812 propter
444 735 513 807 hoc,
538 737 611 812 qnia
634 739 692 797 sub
717 738 777 797 tide
801 755 863 814 qua
881 738 1011 797 credidit
1034 741 1145 814 poterit
1167 757 1239 802 csse

172 838 289 908 salvus
314 839 340 898 si
364 854 434 897 eum
458 846 532 914 post
555 839 723 900 commissa
745 846 876 916 peccata
898 857 959 900 non
982 843 1240 918 perimant31ege

171 940 292 1000 concilii
316 939 489 1000 eliberitani
516 941 665 1001 decreta.¹
711 942 771 1000 Alii
796 942 981 1002 addiderunt
995 945 1024 1002 in
1042 943 1240 1020 baptismatis

171 1049 367 1104 sacramento
390 1044 593 1112 exorcismos
617 1043 666 1101 alii
691 1046 959 1104 consecrationem
975 1044 1075 1117 fontis,
1100 1047 1148 1105 alii
1164 1047 1240 1108 sans

168 1146 220 1204 vel
250 1146 368 1204 salivae
400 1145 599 1216 infusionem,
630 1145 681 1204 alii
711 1146 1005 1206 cathecumenorum
1034 1147 1238 1207 ordinabilem

169 1246 416 1317 instructionem,
455 1247 504 1305 alii
546 1246 695 1307 scrutinia
728 1244 1005 1324 diligentissimaeb
1045 1250 1084 1308 ad
1118 1256 1238 1310 tanturn

169 1350 355 1423 mysterium
387 1350 633 1425 praeparationis
662 1352 874 1426 statuerunt²;
905 1350 961 1410 sed
991 1355 1022 1408 et
1049 1351 1147 1410 mulla
1169 1351 1239 1422 alia,

170 1466 251 1526 qnae
275 1459 305 1510 et
327 1450 481 1526 exemplis
511 1450 685 1511 dlvirrorum
716 1460 840 1512 actuum
862 1457 912 1512 vel
936 1443 1087 1511 dictorum
1111 1452 1239 1512 inventa

169 1559 242 1611 sunt
276 1560 307 1610 et
339 1539 627 1628 congruentissimis
658 1554 841 1629 spiritalium
876 1556 1091 1630 profectuumc
1125 1553 1241 1633 signifi-

170 1655 343 1715 cationibus
367 1657 459 1730 plena
482 1661 667 1733 noscuntur,
695 1656 774 1715 sicut
797 1655 927 1730 copiosa
952 1655 1086 1731 priorum
1112 1657 1150 1715 de
1174 1653 1241 1716 eisd

168 1757 265 1816 rebus
293 1758 481 1819 documenta
510 1757 733 1816 demonstrant.
793 1755 974 1817 Celebratur
1003 1765 1106 1816 autern
1138 1759 1240 1832 ipsum

168 1857 324 1933 baptisma
338 1875 447 1919 verum
466 1874 526 1918 non
549 1859 608 1917 nisi
631 1860 802 1919 innomine
819 1874 960 1919 summac
983 1860 1134 1931 trinitatis
1159 1860 1239 1936 quod

169 1966 199 2018 et
215 1959 365 2019 Dominus
389 1962 457 2037 ipse
477 1961 635 2020 ostendit³
658 1969 689 2019 et
711 1977 848 2020 canones
865 1962 1077 2035 apostolorum
1093 1962 1240 2035 docent43

168 2062 249 2120 unde
265 2063 453 2138 quicumque
470 2063 519 2122 vel
542 2061 581 2121 ab
605 2061 774 2120 haereticis
798 2061 827 2119 in
851 2061 985 2122 trinitate
1009 2063 1239 2138 baptizantibus

236 2231 248 2258 ³
267 2246 306 2291 oe,
322 2229 487 2282 credendum.
509 2257 541 2266 -
567 2217 636 2290 boe,
655 2227 859 2292 diligentissime.
878 2257 910 2264 —
929 2227 940 2254 ⁰
959 2244 994 2288 m,
1017 2229 1182 2293 perfectuum.
1206 2259 1237 2268 -

167 2299 239 2377 doe,
257 2314 363 2365 eisdem.

165 2473 217 2534 est3
231 2483 283 2518 non
292 2472 320 2518 ut
332 2467 510 2531 praeiudlcans
523 2467 669 2531 quitquam,
683 2462 728 2517 sed
740 2470 767 2515 ut
780 2481 831 2516 non
843 2467 986 2517 necessaria
999 2466 1122 2517 habeatur
1134 2468 1240 2530 repetita

165 2551 338 2604 chriSmatio.‘⁴
369 2551 453 2601 Mansi
471 2557 487 2600 t.
499 2550 543 2611 VI,
561 2567 586 2616 p.
598 2552 656 2602 444.
687 2549 736 2600 Cir.
749 2548 886 2615 caeptam,
906 2549 1003 2616 Origin.
1022 2567 1041 2602 s.
1054 2551 1161 2617 Antiqu.
1177 2551 1238 2603 eccl.

166 2643 182 2686 t.
203 2636 245 2696 IV,
263 2651 288 2702 p.
308 2638 365 2689 336.
387 2637 483 2700 Kraus,
502 2634 685 2702 Real-Encycl.
703 2642 719 2685 t.
737 2634 765 2694 II,
784 2651 808 2700 p.
827 2639 884 2688 710.
904 2653 924 2688 s.
945 2653 968 2690 v.
988 2635 1112 2701 Salbnng.

238 2719 409 2772 1Concilium
436 2720 615 2772 eliberitanum
643 2735 710 2770 anno
734 2721 783 2772 306
810 2723 940 2773 constituit
967 2722 996 2774 81
1025 2737 1149 2783 canones,
1176 2723 1239 2774 Inter

166 2822 239 2873 quos.
265 2806 422 2856 Walalridus
453 2805 496 2857 hic
527 2805 654 2870 imprimis
685 2807 810 2870 respicere
839 2806 942 2857 videtur
968 2823 1005 2859 nr.
1030 2810 1074 2858 77:
1110 2805 1154 2867 „Si
1181 2809 1239 2873 quis

166 2891 289 2942 dlaconus
308 2907 399 2955 regens
416 2889 518 2956 plebem
538 2889 593 2939 sine
604 2891 724 2955 episcopo
737 2890 779 2940 vel
792 2891 940 2958 presbytero
953 2891 1054 2958 ailquos
1066 2893 1239 2956 baptizaverit,

165 2978 301 3042 episcopus
327 2993 371 3026 eos
398 2990 443 3041 per
468 2973 672 3025 benedictionem
696 2977 816 3039 perficere
843 2965 955 3037 ‹sebebih
983 2978 1054 3042 quod
1083 2978 1105 3026 si
1127 2983 1184 3027 ante
1208 2977 1240 3028 de

166 3061 252 3112 seculo
279 3061 450 3122 recesserunt,
477 3060 524 3110 sub
548 3060 603 3126 fide
628 3075 680 3126 ρκα
707 3063 765 3126 quis
793 3062 907 3113 credidit
930 3063 1030 3127 poterit
1051 3075 1106 3111 esse
1130 3063 1237 3112 iustus.“

166 3145 216 3197 Cir.
244 3147 320 3196 etiam
348 3162 385 3196 nr.
405 3147 446 3197 38.
488 3143 590 3204 Heiele,
613 3143 689 3194 Cone.
708 3144 807 3206 (resch,
829 3145 875 3196 Bo.
896 3148 925 3205 i,
948 3161 971 3209 p.
994 3147 1040 3198 189
1051 3161 1088 3210 sq.
1115 3174 1148 3183 -
1174 3146 1239 3196 ²De

166 3232 244 3281 variis
262 3232 289 3282 in
307 3230 510 3282 admInistrando
533 3228 660 3292 baptismo
684 3231 835 3280 ceremoniis
857 3228 916 3279 vide
941 3228 1038 3292 Kruuo,
1057 3231 1239 3298 Real-Encycl.

167 3323 183 3367 t.
203 3316 229 3380 lI,
249 3333 273 3380 p.
293 3317 341 3369 823
371 3333 391 3368 s.
415 3332 439 3368 v,
465 3315 534 3365 Taui
548 3351 554 3366 .
597 3311 738 3372 Βίκίανίκα,
763 3313 921 3366 Denlrwiird.
948 3314 994 3364 Bd.
1013 3313 1074 3375 I,1‚
1097 3332 1121 3380 p.
1141 3318 1172 3368 52
1183 3332 1238 3383 sqq.

168 3401 253 3465 Krrtll,
271 3400 367 3452 christl.
388 3399 555 3450 Altertumsk.
575 3399 591 3461 l,
610 3414 635 3463 p.
656 3401 703 3450 122
713 3413 768 3464 sqq.
805 3399 839 3449 De
858 3400 978 3448 scrutinio
997 3399 1115 3464 baptism.
1135 3401 1237 3466 Meyer,

166 3487 235 3547 Joh,
266 3485 416 3538 Geschichte
446 3485 491 3535 des
520 3481 743 3534 K'otechnmenats.
767 3483 891 3548 Kempten
911 3485 984 3536 1868.
1012 3500 1037 3548 p.
1058 3486 1105 3536 108
1120 3500 1176 3550 sqq.
1204 3514 1238 3522 -

168 3571 285 3624 ³Matth.
300 3570 411 3630 XXVIII,
426 3571 465 3621 19.
483 3597 516 3606 —
535 3574 546 3607 ⁴
565 3568 626 3620 Can.
640 3573 719 3634 apost.
739 3584 763 3617 n.
776 3570 817 3620 49.
849 3565 882 3619 EI
899 3585 940 3624 τις
960 3567 1104 3624 ἐπίσκοπος
1122 3566 1139 3638 ἢ
1158 3585 1237 3638 πρεσ-

168 3653 280 3726 βύτερος
303 3655 373 3707 κατὰ
396 3657 444 3723 τὴν
469 3655 516 3702 τοῦ
542 3651 633 3721 κυρίου
658 3649 774 3710 διάταξιν
798 3654 834 3720 μὴ
862 3651 976 3723 βαπτίοῃ
1003 3650 1040 3708 είς
1063 3651 1169 3720 πατέρα
1193 3652 1238 3704 καὶ

169 3735 225 3790 utba
244 3739 289 3789 καὶ
308 3736 381 3808 ἅγιον
401 3742 514 3806 πνεῦμα,
533 3737 592 3790 ἀλλ’
612 3736 650 3793 είς
669 3742 744 3807 τρεῖς
763 3735 897 3807 ἀνάρχους
915 3736 932 3806 ἢ
951 3740 1026 3807 τρεῖς
1045 3733 1119 3791 υἱοὺς
1131 3733 1149 3805 ἢ
1163 3739 1237 3804 τρεῖς

168 3821 371 3893 παρακλήτους·
400 3821 592 3893 καθαιρείσθω.
638 3822 686 3874 Ch.
714 3823 795 3888 Drey,
825 3821 895 3872 Neue
921 3821 1072 3872 Untersuch.
1103 3821 1166 3872 iiber
1197 3821 1238 3873 dic

168 3909 273 3959 Constit.
293 3909 347 3959 und
365 3909 462 3962 Canon.
481 3910 526 3961 der
543 3913 631 3975 Apost.
651 3909 717 3960 Tsrb.
737 3909 809 3961 1832.
828 3924 853 3972 p.
872 3910 930 3960 262.
