2896 4828
540 1204 936 1286 Introductio.

266 1479 1274 1557 walafridiStrabonis,vlrldoctissimi,0peribus,quaecumper-

204 1583 298 1642 multe
311 1584 534 1658 conscripsisse
550 1591 681 1657 constat,
697 1601 753 1646 eos
770 1587 868 1663 quiin
884 1582 1116 1661 perscrutandis
1132 1583 1226 1644 rebus
1243 1591 1273 1643 et

203 1686 425 1746 ecclesiasticis
443 1693 474 1746 et
489 1689 713 1764 saecularibus
730 1690 840 1764 quoles
856 1705 925 1748 eum
948 1688 1020 1749 aliis·
1040 1681 1184 1746 in‘terris
1206 1689 1271 1744 tum

201 1788 231 1846 in
255 1787 421 1848 Germania
443 1791 551 1850 seculo
573 1808 603 1866 p.
629 1789 698 1849 cnr.
722 1808 751 1849 n.
780 1791 1015 1860 nominemur,
1038 1788 1272 1848 versantesin-

200 1891 344 1950 teriorem
376 1898 527 1966 expetunt
559 1891 781 1966 cognitionem,
812 1893 1026 1968 maximopere
1055 1890 1155 1950 iuvari
1185 1888 1270 1949 haud

201 1992 266 2051 scio
290 2008 328 2050 an
346 1993 512 2067 quisquam
535 1992 627 2052 hodie
651 1993 820 2067 negaverit.
865 1991 945 2050 Fieri
966 1993 1059 2066 igitur
1078 2007 1139 2050 non
1163 1993 1271 2068 potuit,

202 2094 276 2166 quin
299 2092 420 2152 illorum
444 2109 576 2171 operum
606 2100 711 2153 textus
734 2095 788 2168 qui
810 2098 942 2152 vocatur
969 2093 1123 2168 genuinus
1147 2093 1271 2152 deside-

201 2199 323 2252 raretur
345 2194 434 2268 isque
458 2194 662 2268 diligentiore,
686 2209 780 2270 quam
805 2191 910 2255 adhuc
933 2192 1073 2254 adhibita
1095 2201 1163 2254 erat
1185 2209 1271 2268 eura,

201 2295 240 2352 ad
265 2295 447 2370 optimorum
478 2302 508 2355 et
537 2297 821 2358 vetustissimorum
853 2295 993 2356 codicum
1020 2295 1112 2356 tidem
1144 2296 1293 2370 evulga»

200 2403 293 2457 retur.
339 2397 427 2456 Nova
455 2405 485 2458 et
514 2397 680 2457 emendata
706 2396 819 2458 horum
842 2413 970 2474 operum
998 2398 1091 2460 editio
1115 2405 1147 2457 ut
1176 2413 1269 2472 para·
1324 2417 1325 2420 ¹

199 2505 296 2576 retur,
325 2501 443 2582 primus
472 2501 598 2561 feliciter
626 2516 732 2560 curam
762 2499 903 2560 adhibuit
926 2499 1078 2560 Ernestus
1102 2501 1269 2576 Diimmler,

200 2605 253 2680 qui
275 2603 436 2662 Walalridi
468 2604 604 2664 carmina
633 2605 664 2663 in
693 2603 902 2662 Monumentis
931 2603 1111 2662 Germaniae
1143 2605 1267 2679 (poetae

198 2707 284 2765 latini
306 2707 339 2778 ll,
362 2703 499 2766 Berolini
527 2704 616 2780 1884,
639 2721 707 2781 pag.
732 2704 913 2780 264-473)
937 2702 1043 2764 edidit.

262 2809 345 2866 Inter
374 2823 470 2884 opera
497 2807 657 2868 Walalridi
687 2807 849 2868 Strabonis
878 2806 960 2869 baud
988 2807 1130 2866 ultimum
1164 2805 1266 2865 locum

198 2912 283 2966 tenet
313 2910 496 2981 opuseulum
531 2910 623 2969 valde
658 2909 828 2986 concisum,
863 2908 947 2984 quod
981 2905 1173 2966 inscribitur:
1212 2906 1267 2974 ‚De

199 3009 338 3069 exordiis
356 3017 386 3069 et
407 3012 603 3072 incrementis
620 3011 815 3088 quarundam
831 3010 861 3068 in
878 3005 1149 3072 observationibus
1166 3009 1267 3066 eccle-

198 3111 333 3171 siasticis
349 3119 473 3186 rerum,
488 3115 572 3188 quod
587 3114 703 3189 legisse
718 3113 883 3172 maximam
899 3111 1090 3172 eruditorum
1105 3109 1264 3171 hominum

196 3218 316 3287 partem
342 3229 402 3272 non
427 3217 598 3290 poeniteat3
628 3216 793 3275 nonenim
817 3229 873 3274 eos
899 3218 1016 3273 tantum
1041 3211 1183 3285 respicio,
1213 3210 1264 3285 qui

197 3315 299 3375 studio
322 3316 500 3390 theologiae
516 3334 556 3378 ex
579 3317 680 3378 officio
704 3311 893 3400 peculiarem
911 3328 1037 3390 operam
1062 3319 1185 3384 navent,
1209 3312 1265 3370 sed

196 3432 306 3478 omnes
330 3419 434 3494 potius
458 3420 595 3479 clericos.
639 3420 741 3481 Habet
764 3419 845 3478 enim
874 3417 925 3476 hio
955 3415 1076 3475 libellus
1100 3430 1212 3488 magna
1235 3421 1266 3472 et

195 3519 322 3595 egregia
344 3521 541 3594 documenta,
565 3522 678 3598 quibus
695 3519 905 3582 ecclesiastiea
921 3517 1060 3578 doctrina
1075 3517 1263 3592 vivendique

195 3622 289 3690 ratio,
324 3624 425 3699 qualis
452 3625 566 3700 insigni
594 3625 643 3685 illa
673 3631 787 3694 aetate,
823 3621 907 3680 initio
939 3620 1058 3682 scilicet
1087 3619 1182 3679 seculi
1212 3617 1262 3675 IX.

195 3723 329 3798 vigebat,
354 3741 413 3785 non
430 3727 626 3788 mediocriter
645 3727 814 3788 illustratur
831 3729 862 3782 et
882 3723 1081 3783 illuminatur.
1126 3719 1164 3777 Et
1186 3734 1264 3793 quo-

195 3825 277 3884 niam
301 3826 352 3886 hic
373 3829 496 3888 libellus
519 3831 595 3889 tanti
617 3825 766 3889 momenti
788 3827 935 3902 idemque
958 3830 1021 3883 tarn
1045 3825 1194 3880 accurate
1217 3827 1263 3878 at·
1331 3896 1335 3904 1

195 3943 257 4002 que
274 3929 423 3990 concinne
440 3932 629 4005 compositus
645 3935 700 4001 est,
725 3928 800 3988 mihi
821 3935 944 4005 praeter
963 3933 1083 3986 ceteros
1099 3921 1264 3982 videbatur
