<?xml version="1.0" encoding="UTF-8"?>
<!DOCTYPE html PUBLIC "-//W3C//DTD XHTML 1.0 Transitional//EN"
    "http://www.w3.org/TR/xhtml1/DTD/xhtml1-transitional.dtd">
<html xmlns="http://www.w3.org/1999/xhtml" xml:lang="en" lang="en">
 <head>
  <title>
</title>
<meta http-equiv="Content-Type" content="text/html;charset=utf-8" />
  <meta name='ocr-system' content='tesseract 3.04.00' />
  <meta name='ocr-capabilities' content='ocr_page ocr_carea ocr_par ocr_line ocrx_word'/>
</head>
<body>
  <div class='ocr_page' id='page_1' title='image "./walafridistrabo00kngoog_0110.png"; bbox 0 0 2956 4766; ppageno 0'>
   <div class='ocr_carea' id='block_1_1' title="bbox 687 335 898 394">
    <p class='ocr_par' dir='ltr' id='par_1_1' title="bbox 687 335 898 394">
     <span class='ocr_line' id='line_1_1' title="bbox 687 335 898 394; baseline -0.009 -16"><span class='ocrx_word' id='word_1_1' title='bbox 687 335 898 394; x_wconf 65' lang='grc'>-88-</span> 
     </span>
    </p>
   </div>
   <div class='ocr_carea' id='block_1_2' title="bbox 190 503 1334 2620">
    <p class='ocr_par' dir='ltr' id='par_1_2' title="bbox 190 503 1334 2620">
     <span class='ocr_line' id='line_1_2' title="bbox 260 503 1326 583; baseline 0.002 -19"><span class='ocrx_word' id='word_1_2' title='bbox 260 508 311 567; x_wconf 83' lang='lat' dir='ltr'>vel</span> <span class='ocrx_word' id='word_1_3' title='bbox 334 505 373 566; x_wconf 88' lang='lat' dir='ltr'>ab</span> <span class='ocrx_word' id='word_1_4' title='bbox 390 505 449 564; x_wconf 91' lang='lat' dir='ltr'>alio</span> <span class='ocrx_word' id='word_1_5' title='bbox 472 504 608 578; x_wconf 90' lang='lat' dir='ltr'>quolibet</span> <span class='ocrx_word' id='word_1_6' title='bbox 630 503 757 565; x_wconf 90' lang='lat' dir='ltr'>homine</span> <span class='ocrx_word' id='word_1_7' title='bbox 780 503 837 564; x_wconf 90' lang='lat' dir='ltr'>sub</span> <span class='ocrx_word' id='word_1_8' title='bbox 855 505 1063 583; x_wconf 81' lang='lat' dir='ltr'>appellatione</span> <span class='ocrx_word' id='word_1_9' title='bbox 1086 505 1224 580; x_wconf 88' lang='lat' dir='ltr'>legitima</span> <span class='ocrx_word' id='word_1_10' title='bbox 1246 506 1326 566; x_wconf 91' lang='lat' dir='ltr'>eius·</span> 
     </span>
     <span class='ocr_line' id='line_1_3' title="bbox 260 606 1323 690; baseline -0.002 -24"><span class='ocrx_word' id='word_1_11' title='bbox 260 608 330 666; x_wconf 92' lang='lat' dir='ltr'>dem</span> <span class='ocrx_word' id='word_1_12' title='bbox 366 614 492 668; x_wconf 89' lang='lat' dir='ltr'>sanctae</span> <span class='ocrx_word' id='word_1_13' title='bbox 525 606 669 690; x_wconf 88' lang='lat' dir='ltr'>trinitatis</span> <span class='ocrx_word' id='word_1_14' title='bbox 702 606 793 666; x_wconf 89' lang='lat' dir='ltr'>luerit</span> <span class='ocrx_word' id='word_1_15' title='bbox 828 607 1014 684; x_wconf 84' lang='lat' dir='ltr'>baptizatus,</span> <span class='ocrx_word' id='word_1_16' title='bbox 1049 607 1233 682; x_wconf 85' lang='lat' dir='ltr'>rebaptizari</span> <span class='ocrx_word' id='word_1_17' title='bbox 1269 623 1323 666; x_wconf 89' lang='lat' dir='ltr'>non</span> 
     </span>
     <span class='ocr_line' id='line_1_4' title="bbox 261 708 1325 782; baseline -0.002 -14"><span class='ocrx_word' id='word_1_18' title='bbox 261 709 368 782; x_wconf 89' lang='lat' dir='ltr'>debet,</span> <span class='ocrx_word' id='word_1_19' title='bbox 397 725 436 769; x_wconf 91' lang='lat' dir='ltr'>ne</span> <span class='ocrx_word' id='word_1_20' title='bbox 464 709 617 769; x_wconf 81' lang='lat' dir='ltr'><strong>invocatio</strong></span> <span class='ocrx_word' id='word_1_21' title='bbox 642 723 783 768; x_wconf 90' lang='lat' dir='ltr'>summae</span> <span class='ocrx_word' id='word_1_22' title='bbox 806 708 973 768; x_wconf 86' lang='lat' dir='ltr'>divinitatis</span> <span class='ocrx_word' id='word_1_23' title='bbox 1001 709 1152 768; x_wconf 88' lang='lat' dir='ltr'>adnullari</span> <span class='ocrx_word' id='word_1_24' title='bbox 1174 708 1325 780; x_wconf 84' lang='lat' dir='ltr'>videatur,</span> 
     </span>
     <span class='ocr_line' id='line_1_5' title="bbox 261 809 1327 886; baseline -0.003 -17"><span class='ocrx_word' id='word_1_25' title='bbox 261 811 317 880; x_wconf 81' lang='lat' dir='ltr'>sed</span> <span class='ocrx_word' id='word_1_26' title='bbox 353 809 517 870; x_wconf 87' lang='lat' dir='ltr'>chrismate</span> <span class='ocrx_word' id='word_1_27' title='bbox 550 815 581 870; x_wconf 89' lang='lat' dir='ltr'>et</span> <span class='ocrx_word' id='word_1_28' title='bbox 612 825 722 869; x_wconf 89' lang='lat' dir='ltr'>manus</span> <span class='ocrx_word' id='word_1_29' title='bbox 755 809 964 886; x_wconf 84' lang='lat' dir='ltr'>impositione,</span> <span class='ocrx_word' id='word_1_30' title='bbox 998 809 1081 886; x_wconf 89' lang='lat' dir='ltr'>quod</span> <span class='ocrx_word' id='word_1_31' title='bbox 1114 809 1327 884; x_wconf 79' lang='lat' dir='ltr'>imperfectum</span> 
     </span>
     <span class='ocr_line' id='line_1_6' title="bbox 261 910 1328 986; baseline 0 -16"><span class='ocrx_word' id='word_1_32' title='bbox 261 917 340 982; x_wconf 86' lang='lat' dir='ltr'>erat,</span> <span class='ocrx_word' id='word_1_33' title='bbox 370 910 477 986; x_wconf 84' lang='lat' dir='ltr'>perfici</span> <span class='ocrx_word' id='word_1_34' title='bbox 507 912 607 972; x_wconf 91' lang='lat' dir='ltr'>debet.</span> <span class='ocrx_word' id='word_1_35' title='bbox 652 911 716 971; x_wconf 88' lang='lat' dir='ltr'>Hoc</span> <span class='ocrx_word' id='word_1_36' title='bbox 745 912 775 970; x_wconf 92' lang='lat' dir='ltr'>in</span> <span class='ocrx_word' id='word_1_37' title='bbox 799 911 971 971; x_wconf 87' lang='lat' dir='ltr'>canonibus</span> <span class='ocrx_word' id='word_1_38' title='bbox 995 917 1026 970; x_wconf 91' lang='lat' dir='ltr'>et</span> <span class='ocrx_word' id='word_1_39' title='bbox 1047 912 1179 980; x_wconf 83' lang='lat' dir='ltr'>decretis</span> <span class='ocrx_word' id='word_1_40' title='bbox 1207 920 1328 986; x_wconf 88' lang='lat' dir='ltr'>patrum</span> 
     </span>
     <span class='ocr_line' id='line_1_7' title="bbox 259 1012 1331 1090; baseline 0.001 -19"><span class='ocrx_word' id='word_1_41' title='bbox 259 1012 404 1090; x_wconf 80' lang='lat' dir='ltr'>frequens</span> <span class='ocrx_word' id='word_1_42' title='bbox 427 1012 570 1074; x_wconf 90' lang='lat' dir='ltr'>habetur.</span> <span class='ocrx_word' id='word_1_43' title='bbox 616 1013 740 1090; x_wconf 79' lang='lat' dir='ltr'>Legitur</span> <span class='ocrx_word' id='word_1_44' title='bbox 763 1029 886 1087; x_wconf 90' lang='lat' dir='ltr'>quoque</span> <span class='ocrx_word' id='word_1_45' title='bbox 913 1013 941 1070; x_wconf 92' lang='lat' dir='ltr'>in</span> <span class='ocrx_word' id='word_1_46' title='bbox 966 1014 1071 1074; x_wconf 91' lang='lat' dir='ltr'>ultimo</span> <span class='ocrx_word' id='word_1_47' title='bbox 1095 1012 1331 1075; x_wconf 87' lang='lat' dir='ltr'>ecclesiasticae</span> 
     </span>
     <span class='ocr_line' id='line_1_8' title="bbox 259 1113 1331 1192; baseline 0.002 -20"><span class='ocrx_word' id='word_1_48' title='bbox 259 1113 409 1174; x_wconf 84' lang='lat' dir='ltr'>historiae</span> <span class='ocrx_word' id='word_1_49' title='bbox 429 1115 506 1175; x_wconf 90' lang='lat' dir='ltr'>libro</span> <span class='ocrx_word' id='word_1_50' title='bbox 517 1118 536 1184; x_wconf 88' lang='lat'>¹,</span> <span class='ocrx_word' id='word_1_51' title='bbox 560 1115 641 1192; x_wconf 88' lang='lat' dir='ltr'>quod</span> <span class='ocrx_word' id='word_1_52' title='bbox 657 1114 850 1174; x_wconf 81' lang='lat' dir='ltr'>Athanasius</span> <span class='ocrx_word' id='word_1_53' title='bbox 867 1115 971 1174; x_wconf 89' lang='lat' dir='ltr'>adhuc</span> <span class='ocrx_word' id='word_1_54' title='bbox 991 1132 1068 1191; x_wconf 92' lang='lat' dir='ltr'>puer</span> <span class='ocrx_word' id='word_1_55' title='bbox 1091 1115 1168 1179; x_wconf 89' lang='lat' dir='ltr'>inter</span> <span class='ocrx_word' id='word_1_56' title='bbox 1191 1131 1331 1176; x_wconf 83' lang='lat' dir='ltr'>coaevos</span> 
     </span>
     <span class='ocr_line' id='line_1_9' title="bbox 260 1215 1331 1291; baseline 0.002 -17"><span class='ocrx_word' id='word_1_57' title='bbox 260 1215 457 1290; x_wconf 88' lang='lat' dir='ltr'>baptismatis</span> <span class='ocrx_word' id='word_1_58' title='bbox 474 1218 701 1278; x_wconf 92' lang='lat' dir='ltr'>similitudinem</span> <span class='ocrx_word' id='word_1_59' title='bbox 718 1233 773 1291; x_wconf 91' lang='lat' dir='ltr'>per</span> <span class='ocrx_word' id='word_1_60' title='bbox 788 1217 896 1276; x_wconf 91' lang='lat' dir='ltr'>ludum</span> <span class='ocrx_word' id='word_1_61' title='bbox 909 1219 1097 1291; x_wconf 82' lang='lat' dir='ltr'>exercuerit3</span> <span class='ocrx_word' id='word_1_62' title='bbox 1113 1217 1331 1278; x_wconf 85' lang='lat' dir='ltr'>Alexandrum</span> 
     </span>
     <span class='ocr_line' id='line_1_10' title="bbox 258 1317 1331 1400; baseline 0.004 -26"><span class='ocrx_word' id='word_1_63' title='bbox 258 1317 353 1400; x_wconf 87' lang='lat' dir='ltr'>etiam</span> <span class='ocrx_word' id='word_1_64' title='bbox 382 1319 591 1379; x_wconf 81' lang='lat' dir='ltr'>Alexandriae</span> <span class='ocrx_word' id='word_1_65' title='bbox 621 1320 797 1392; x_wconf 82' lang='lat' dir='ltr'>praesulem</span> <span class='ocrx_word' id='word_1_66' title='bbox 828 1321 953 1396; x_wconf 82' lang='lat' dir='ltr'>cognita</span> <span class='ocrx_word' id='word_1_67' title='bbox 982 1319 1223 1394; x_wconf 85' lang='lat' dir='ltr'>interrogatione</span> <span class='ocrx_word' id='word_1_68' title='bbox 1252 1320 1331 1394; x_wconf 90' lang='lat' dir='ltr'>bap-</span> 
     </span>
     <span class='ocr_line' id='line_1_11' title="bbox 260 1418 1332 1498; baseline 0.004 -22"><span class='ocrx_word' id='word_1_69' title='bbox 260 1418 352 1478; x_wconf 91' lang='lat' dir='ltr'>tistae</span> <span class='ocrx_word' id='word_1_70' title='bbox 370 1426 400 1478; x_wconf 92' lang='lat' dir='ltr'>et</span> <span class='ocrx_word' id='word_1_71' title='bbox 415 1423 620 1494; x_wconf 84' lang='lat' dir='ltr'>responsione</span> <span class='ocrx_word' id='word_1_72' title='bbox 636 1422 858 1496; x_wconf 90' lang='lat' dir='ltr'>baptizatorum</span> <span class='ocrx_word' id='word_1_73' title='bbox 876 1430 906 1480; x_wconf 91' lang='lat' dir='ltr'>et</span> <span class='ocrx_word' id='word_1_74' title='bbox 922 1421 1062 1495; x_wconf 91' lang='lat' dir='ltr'>caeteris,</span> <span class='ocrx_word' id='word_1_75' title='bbox 1086 1437 1166 1498; x_wconf 91' lang='lat' dir='ltr'>quae</span> <span class='ocrx_word' id='word_1_76' title='bbox 1183 1421 1332 1498; x_wconf 83' lang='lat' dir='ltr'>quamvis</span> 
     </span>
     <span class='ocr_line' id='line_1_12' title="bbox 261 1522 1331 1599; baseline 0.002 -20"><span class='ocrx_word' id='word_1_77' title='bbox 261 1536 315 1594; x_wconf 90' lang='lat' dir='ltr'>per</span> <span class='ocrx_word' id='word_1_78' title='bbox 332 1522 448 1594; x_wconf 87' lang='lat' dir='ltr'>ludum,</span> <span class='ocrx_word' id='word_1_79' title='bbox 470 1529 573 1583; x_wconf 91' lang='lat' dir='ltr'>tamen</span> <span class='ocrx_word' id='word_1_80' title='bbox 597 1525 682 1582; x_wconf 86' lang='lat' dir='ltr'>iuxta</span> <span class='ocrx_word' id='word_1_81' title='bbox 697 1531 835 1584; x_wconf 91' lang='lat' dir='ltr'>nostram</span> <span class='ocrx_word' id='word_1_82' title='bbox 852 1523 1032 1599; x_wconf 79' lang='lat' dir='ltr'>religionem</span> <span class='ocrx_word' id='word_1_83' title='bbox 1056 1531 1146 1598; x_wconf 86' lang='lat' dir='ltr'>gesta</span> <span class='ocrx_word' id='word_1_84' title='bbox 1161 1531 1244 1594; x_wconf 87' lang='lat' dir='ltr'>sunt,</span> <span class='ocrx_word' id='word_1_85' title='bbox 1268 1539 1331 1582; x_wconf 92' lang='lat' dir='ltr'>nou</span> 
     </span>
     <span class='ocr_line' id='line_1_13' title="bbox 261 1622 1333 1698; baseline 0.003 -19"><span class='ocrx_word' id='word_1_86' title='bbox 261 1622 498 1698; x_wconf 86' lang='lat' dir='ltr'>rebaptizandos</span> <span class='ocrx_word' id='word_1_87' title='bbox 522 1625 688 1697; x_wconf 91' lang='lat' dir='ltr'>iudicasse,</span> <span class='ocrx_word' id='word_1_88' title='bbox 713 1627 768 1696; x_wconf 90' lang='lat' dir='ltr'>sed</span> <span class='ocrx_word' id='word_1_89' title='bbox 791 1625 915 1687; x_wconf 88' lang='lat' dir='ltr'>usitatis</span> <span class='ocrx_word' id='word_1_90' title='bbox 932 1624 1084 1684; x_wconf 90' lang='lat' dir='ltr'>ecclesiae</span> <span class='ocrx_word' id='word_1_91' title='bbox 1101 1623 1333 1684; x_wconf 76' lang='lat' dir='ltr'>confirmandos</span> 
     </span>
     <span class='ocr_line' id='line_1_14' title="bbox 262 1725 1333 1810; baseline 0.001 -27"><span class='ocrx_word' id='word_1_92' title='bbox 262 1725 428 1810; x_wconf 83' lang='lat' dir='ltr'>mysteriis.</span> <span class='ocrx_word' id='word_1_93' title='bbox 482 1727 616 1789; x_wconf 80' lang='lat' dir='ltr'>Concilio</span> <span class='ocrx_word' id='word_1_94' title='bbox 652 1744 778 1805; x_wconf 92' lang='lat' dir='ltr'>quoquo</span> <span class='ocrx_word' id='word_1_95' title='bbox 810 1728 991 1788; x_wconf 89' lang='lat' dir='ltr'>eliberitano</span> <span class='ocrx_word' id='word_1_96' title='bbox 1028 1726 1170 1787; x_wconf 88' lang='lat' dir='ltr'>fidelibus</span> <span class='ocrx_word' id='word_1_97' title='bbox 1205 1727 1333 1800; x_wconf 91' lang='lat' dir='ltr'>plenum</span> 
     </span>
     <span class='ocr_line' id='line_1_15' title="bbox 261 1827 1334 1910; baseline 0.003 -26"><span class='ocrx_word' id='word_1_98' title='bbox 261 1827 418 1910; x_wconf 89' lang='lat' dir='ltr'>baptisma</span> <span class='ocrx_word' id='word_1_99' title='bbox 445 1827 632 1892; x_wconf 86' lang='lat' dir='ltr'>habentibus</span> <span class='ocrx_word' id='word_1_100' title='bbox 663 1832 692 1890; x_wconf 91' lang='lat' dir='ltr'>in</span> <span class='ocrx_word' id='word_1_101' title='bbox 721 1831 909 1890; x_wconf 82' lang='lat' dir='ltr'>necessitate</span> <span class='ocrx_word' id='word_1_102' title='bbox 935 1829 1090 1904; x_wconf 90' lang='lat' dir='ltr'>baptizare</span> <span class='ocrx_word' id='word_1_103' title='bbox 1120 1828 1334 1905; x_wconf 81' lang='lat' dir='ltr'>permittitur.2</span> 
     </span>
     <span class='ocr_line' id='line_1_16' title="bbox 261 1927 1334 2010; baseline 0.004 -26"><span class='ocrx_word' id='word_1_104' title='bbox 261 1927 368 1986; x_wconf 82' lang='lat' dir='ltr'>Victor</span> <span class='ocrx_word' id='word_1_105' title='bbox 383 1929 476 1989; x_wconf 88' lang='lat' dir='ltr'>etiam</span> <span class='ocrx_word' id='word_1_106' title='bbox 493 1933 550 1992; x_wconf 87' lang='lat' dir='ltr'>XV</span> <span class='ocrx_word' id='word_1_107' title='bbox 566 1934 777 1994; x_wconf 87' lang='lat' dir='ltr'>Romanorum</span> <span class='ocrx_word' id='word_1_108' title='bbox 800 1932 942 2010; x_wconf 77' lang='lat' dir='ltr'>pontifex</span> <span class='ocrx_word' id='word_1_109' title='bbox 965 1931 1131 2004; x_wconf 90' lang='lat' dir='ltr'>constituit,</span> <span class='ocrx_word' id='word_1_110' title='bbox 1152 1937 1201 2008; x_wconf 88' lang='lat' dir='ltr'>„ut</span> <span class='ocrx_word' id='word_1_111' title='bbox 1220 1946 1334 1990; x_wconf 90' lang='lat' dir='ltr'>neces-</span> 
     </span>
     <span class='ocr_line' id='line_1_17' title="bbox 260 2019 1332 2104; baseline 0.004 -18"><span class='ocrx_word' id='word_1_112' title='bbox 260 2029 353 2090; x_wconf 88' lang='lat' dir='ltr'>sitate</span> <span class='ocrx_word' id='word_1_113' title='bbox 377 2032 507 2094; x_wconf 81' lang='lat' dir='ltr'>iaciente</span> <span class='ocrx_word' id='word_1_114' title='bbox 529 2019 634 2094; x_wconf 43' lang='lat' dir='ltr'>ubi&#39;et</span> <span class='ocrx_word' id='word_1_115' title='bbox 657 2035 726 2104; x_wconf 45' lang='lat' dir='ltr'>ubi,a</span> <span class='ocrx_word' id='word_1_116' title='bbox 749 2035 905 2095; x_wconf 88' lang='lat' dir='ltr'>inventum</span> <span class='ocrx_word' id='word_1_117' title='bbox 929 2033 1039 2094; x_wconf 88' lang='lat' dir='ltr'>luisset</span> <span class='ocrx_word' id='word_1_118' title='bbox 1062 2035 1128 2092; x_wconf 84' lang='lat' dir='ltr'>siue</span> <span class='ocrx_word' id='word_1_119' title='bbox 1153 2031 1332 2092; x_wconf 87' lang='lat' dir='ltr'>influmine</span> 
     </span>
     <span class='ocr_line' id='line_1_18' title="bbox 259 2132 1333 2207; baseline 0.002 -17"><span class='ocrx_word' id='word_1_120' title='bbox 259 2132 379 2192; x_wconf 89' lang='lat' dir='ltr'>sivein</span> <span class='ocrx_word' id='word_1_121' title='bbox 404 2136 480 2194; x_wconf 88' lang='lat' dir='ltr'>mari</span> <span class='ocrx_word' id='word_1_122' title='bbox 505 2137 624 2195; x_wconf 88' lang='lat' dir='ltr'>sivein</span> <span class='ocrx_word' id='word_1_123' title='bbox 649 2137 794 2207; x_wconf 86' lang='lat' dir='ltr'>lontibus,</span> <span class='ocrx_word' id='word_1_124' title='bbox 824 2135 1012 2195; x_wconf 87' lang='lat' dir='ltr'>christianae</span> <span class='ocrx_word' id='word_1_125' title='bbox 1042 2134 1231 2195; x_wconf 91' lang='lat' dir='ltr'>credulitatis</span> <span class='ocrx_word' id='word_1_126' title='bbox 1255 2151 1333 2194; x_wconf 89' lang='lat' dir='ltr'>con·</span> 
     </span>
     <span class='ocr_line' id='line_1_19' title="bbox 260 2234 1331 2319; baseline 0.003 -28"><span class='ocrx_word' id='word_1_127' title='bbox 260 2234 396 2294; x_wconf 83' lang='lat' dir='ltr'>fassione</span> <span class='ocrx_word' id='word_1_128' title='bbox 419 2237 597 2314; x_wconf 84' lang='lat' dir='ltr'>clarificata,</span> <span class='ocrx_word' id='word_1_129' title='bbox 622 2240 810 2313; x_wconf 86' lang='lat' dir='ltr'>quicumque</span> <span class='ocrx_word' id='word_1_130' title='bbox 827 2254 866 2296; x_wconf 86' lang='lat' dir='ltr'>ex</span> <span class='ocrx_word' id='word_1_131' title='bbox 889 2239 1058 2319; x_wconf 82' lang='lat' dir='ltr'>gentilitate</span> <span class='ocrx_word' id='word_1_132' title='bbox 1073 2237 1203 2295; x_wconf 90' lang='lat' dir='ltr'>veniens</span> <span class='ocrx_word' id='word_1_133' title='bbox 1225 2236 1331 2312; x_wconf 88' lang='lat' dir='ltr'>bapti-</span> 
     </span>
     <span class='ocr_line' id='line_1_20' title="bbox 190 2338 1332 2413; baseline 0.004 -19"><span class='ocrx_word' id='word_1_134' title='bbox 190 2403 192 2406; x_wconf 12' lang='lat'>*</span> <span class='ocrx_word' id='word_1_135' title='bbox 261 2339 435 2396; x_wconf 79' lang='lat' dir='ltr'>zaretur.“³</span> <span class='ocrx_word' id='word_1_136' title='bbox 469 2340 500 2397; x_wconf 94' lang='lat' dir='ltr'>In</span> <span class='ocrx_word' id='word_1_137' title='bbox 527 2339 586 2399; x_wconf 92' lang='lat' dir='ltr'>hoc</span> <span class='ocrx_word' id='word_1_138' title='bbox 609 2347 713 2401; x_wconf 89' lang='lat' dir='ltr'>tamen</span> <span class='ocrx_word' id='word_1_139' title='bbox 730 2347 761 2399; x_wconf 90' lang='lat' dir='ltr'>et</span> <span class='ocrx_word' id='word_1_140' title='bbox 783 2339 935 2400; x_wconf 89' lang='lat' dir='ltr'>similibus</span> <span class='ocrx_word' id='word_1_141' title='bbox 952 2355 1011 2397; x_wconf 93' lang='lat' dir='ltr'>non</span> <span class='ocrx_word' id='word_1_142' title='bbox 1034 2339 1177 2399; x_wconf 90' lang='lat' dir='ltr'>tribuitur</span> <span class='ocrx_word' id='word_1_143' title='bbox 1200 2338 1332 2413; x_wconf 89' lang='lat' dir='ltr'>quibus·</span> 
     </span>
     <span class='ocr_line' id='line_1_21' title="bbox 261 2437 1332 2517; baseline 0.001 -20"><span class='ocrx_word' id='word_1_144' title='bbox 261 2454 395 2515; x_wconf 91' lang='lat' dir='ltr'>cumque</span> <span class='ocrx_word' id='word_1_145' title='bbox 429 2441 605 2516; x_wconf 85' lang='lat' dir='ltr'>baptizandi</span> <span class='ocrx_word' id='word_1_146' title='bbox 637 2443 807 2503; x_wconf 86' lang='lat' dir='ltr'>indiscreta</span> <span class='ocrx_word' id='word_1_147' title='bbox 840 2441 978 2517; x_wconf 88' lang='lat' dir='ltr'>licentia,</span> <span class='ocrx_word' id='word_1_148' title='bbox 1013 2457 1082 2500; x_wconf 87' lang='lat' dir='ltr'>cum</span> <span class='ocrx_word' id='word_1_149' title='bbox 1116 2437 1167 2499; x_wconf 83' lang='lat' dir='ltr'>inb</span> <span class='ocrx_word' id='word_1_150' title='bbox 1200 2440 1332 2500; x_wconf 88' lang='lat' dir='ltr'>coneilio</span> 
     </span>
     <span class='ocr_line' id='line_1_22' title="bbox 205 2541 1331 2620; baseline 0.002 -22"><span class='ocrx_word' id='word_1_151' title='bbox 205 2561 208 2564; x_wconf 95' lang='lat'>·</span> <span class='ocrx_word' id='word_1_152' title='bbox 260 2541 492 2614; x_wconf 87' lang='lat' dir='ltr'>carthaginensi</span> <span class='ocrx_word' id='word_1_153' title='bbox 509 2543 654 2603; x_wconf 91' lang='lat' dir='ltr'>mulieres</span> <span class='ocrx_word' id='word_1_154' title='bbox 673 2544 893 2620; x_wconf 88' lang='lat' dir='ltr'>prohibeantur</span> <span class='ocrx_word' id='word_1_155' title='bbox 908 2543 1093 2618; x_wconf 72' lang='lat' dir='ltr'>baptizare.4</span> <span class='ocrx_word' id='word_1_156' title='bbox 1124 2543 1187 2603; x_wconf 86' lang='lat' dir='ltr'>Sed</span> <span class='ocrx_word' id='word_1_157' title='bbox 1203 2543 1331 2602; x_wconf 89' lang='lat' dir='ltr'>demon-</span> 
     </span>
    </p>
   </div>
   <div class='ocr_carea' id='block_1_3' title="bbox 329 2731 816 2805">
    <p class='ocr_par' dir='ltr' id='par_1_3' title="bbox 329 2731 816 2805">
     <span class='ocr_line' id='line_1_23' title="bbox 329 2731 816 2805; baseline 0.004 -15"><span class='ocrx_word' id='word_1_158' title='bbox 329 2741 341 2768; x_wconf 48' lang='grc' dir='ltr'><strong><em>ἢ</em></strong></span> <span class='ocrx_word' id='word_1_159' title='bbox 358 2757 395 2805; x_wconf 89' lang='lat' dir='ltr'>oe,</span> <span class='ocrx_word' id='word_1_160' title='bbox 412 2741 488 2792; x_wconf 90' lang='lat' dir='ltr'>liceat</span> <span class='ocrx_word' id='word_1_161' title='bbox 505 2743 557 2794; x_wconf 90' lang='lat' dir='ltr'>ubi.</span> <span class='ocrx_word' id='word_1_162' title='bbox 577 2771 609 2778; x_wconf 88' lang='lat'><strong>—</strong></span> <span class='ocrx_word' id='word_1_163' title='bbox 628 2731 695 2805; x_wconf 85' lang='lat' dir='ltr'>boe,</span> <span class='ocrx_word' id='word_1_164' title='bbox 712 2757 763 2793; x_wconf 90' lang='lat' dir='ltr'>om.</span> <span class='ocrx_word' id='word_1_165' title='bbox 782 2744 816 2792; x_wconf 94' lang='lat' dir='ltr'>in.</span> 
     </span>
    </p>
   </div>
   <div class='ocr_carea' id='block_1_4' title="bbox 257 2941 1330 3944">
    <p class='ocr_par' dir='ltr' id='par_1_4' title="bbox 257 2941 1330 3944">
     <span class='ocr_line' id='line_1_24' title="bbox 332 2941 1330 3011; baseline 0.001 -16"><span class='ocrx_word' id='word_1_166' title='bbox 332 2948 341 2981; x_wconf 86' lang='lat'>1</span> <span class='ocrx_word' id='word_1_167' title='bbox 359 2941 411 2997; x_wconf 84' lang='lat' dir='ltr'>Otr.</span> <span class='ocrx_word' id='word_1_168' title='bbox 429 2946 514 3006; x_wconf 86' lang='lat' dir='ltr'>Rufin‚</span> <span class='ocrx_word' id='word_1_169' title='bbox 533 2945 596 2998; x_wconf 89' lang='lat' dir='ltr'>Hist.</span> <span class='ocrx_word' id='word_1_170' title='bbox 614 2946 675 2997; x_wconf 86' lang='lat' dir='ltr'>eccl.</span> <span class='ocrx_word' id='word_1_171' title='bbox 693 2945 739 2998; x_wconf 92' lang='lat' dir='ltr'>lib.</span> <span class='ocrx_word' id='word_1_172' title='bbox 750 2946 767 3008; x_wconf 90' lang='grc' dir='ltr'>Ι,</span> <span class='ocrx_word' id='word_1_173' title='bbox 787 2963 826 3011; x_wconf 89' lang='lat' dir='ltr'>cp.</span> <span class='ocrx_word' id='word_1_174' title='bbox 838 2946 903 2998; x_wconf 87' lang='lat' dir='ltr'>XIV.</span> <span class='ocrx_word' id='word_1_175' title='bbox 938 2946 1025 3010; x_wconf 87' lang='lat' dir='ltr'>Migne</span> <span class='ocrx_word' id='word_1_176' title='bbox 1043 2963 1062 2996; x_wconf 92' lang='lat' dir='ltr'>s.</span> <span class='ocrx_word' id='word_1_177' title='bbox 1076 2945 1093 2996; x_wconf 92' lang='grc' dir='ltr'>Ι.</span> <span class='ocrx_word' id='word_1_178' title='bbox 1106 2945 1171 3006; x_wconf 87' lang='lat' dir='ltr'>XXI,</span> <span class='ocrx_word' id='word_1_179' title='bbox 1189 2961 1212 3010; x_wconf 92' lang='lat' dir='ltr'>p.</span> <span class='ocrx_word' id='word_1_180' title='bbox 1225 2947 1283 2998; x_wconf 80' lang='lat'>487.</span> <span class='ocrx_word' id='word_1_181' title='bbox 1296 2973 1330 2982; x_wconf 89' lang='lat'>-</span> 
     </span>
     <span class='ocr_line' id='line_1_25' title="bbox 260 3027 1330 3096; baseline 0 -17"><span class='ocrx_word' id='word_1_182' title='bbox 260 3031 272 3066; x_wconf 82' lang='lat'><strong>²</strong></span> <span class='ocrx_word' id='word_1_183' title='bbox 290 3027 351 3080; x_wconf 87' lang='lat' dir='ltr'>Can.</span> <span class='ocrx_word' id='word_1_184' title='bbox 370 3032 410 3083; x_wconf 85' lang='grc'>38.</span> <span class='ocrx_word' id='word_1_185' title='bbox 431 3031 513 3093; x_wconf 86' lang='lat' dir='ltr'>„Loco</span> <span class='ocrx_word' id='word_1_186' title='bbox 531 3047 637 3096; x_wconf 86' lang='lat' dir='ltr'>peregre</span> <span class='ocrx_word' id='word_1_187' title='bbox 654 3033 805 3096; x_wconf 87' lang='lat' dir='ltr'>navigantes</span> <span class='ocrx_word' id='word_1_188' title='bbox 824 3038 868 3082; x_wconf 90' lang='lat' dir='ltr'>aut</span> <span class='ocrx_word' id='word_1_189' title='bbox 885 3034 907 3082; x_wconf 90' lang='lat' dir='ltr'>si</span> <span class='ocrx_word' id='word_1_190' title='bbox 924 3032 1031 3084; x_wconf 88' lang='lat' dir='ltr'>ecclesia</span> <span class='ocrx_word' id='word_1_191' title='bbox 1042 3032 1160 3095; x_wconf 86' lang='lat' dir='ltr'>proxima</span> <span class='ocrx_word' id='word_1_192' title='bbox 1178 3045 1229 3080; x_wconf 88' lang='lat' dir='ltr'>non</span> <span class='ocrx_word' id='word_1_193' title='bbox 1247 3030 1330 3091; x_wconf 85' lang='lat' dir='ltr'>fuerit,</span> 
     </span>
     <span class='ocr_line' id='line_1_26' title="bbox 258 3114 1330 3182; baseline 0.001 -20"><span class='ocrx_word' id='word_1_194' title='bbox 258 3129 334 3176; x_wconf 93' lang='lat' dir='ltr'>posse</span> <span class='ocrx_word' id='word_1_195' title='bbox 356 3114 474 3178; x_wconf 86' lang='lat' dir='ltr'>fidelem,</span> <span class='ocrx_word' id='word_1_196' title='bbox 501 3118 545 3182; x_wconf 88' lang='lat' dir='ltr'>qui</span> <span class='ocrx_word' id='word_1_197' title='bbox 568 3117 699 3167; x_wconf 85' lang='lat' dir='ltr'>lavacrum</span> <span class='ocrx_word' id='word_1_198' title='bbox 724 3132 800 3167; x_wconf 91' lang='lat' dir='ltr'>suum</span> <span class='ocrx_word' id='word_1_199' title='bbox 828 3118 956 3181; x_wconf 87' lang='lat' dir='ltr'>integrum</span> <span class='ocrx_word' id='word_1_200' title='bbox 979 3116 1055 3167; x_wconf 90' lang='lat' dir='ltr'>habet</span> <span class='ocrx_word' id='word_1_201' title='bbox 1078 3132 1123 3166; x_wconf 88' lang='lat' dir='ltr'>nec</span> <span class='ocrx_word' id='word_1_202' title='bbox 1146 3117 1177 3165; x_wconf 93' lang='lat' dir='ltr'>sit</span> <span class='ocrx_word' id='word_1_203' title='bbox 1201 3116 1330 3178; x_wconf 88' lang='lat' dir='ltr'>bigamus,</span> 
     </span>
     <span class='ocr_line' id='line_1_27' title="bbox 258 3196 1329 3265; baseline 0.001 -19"><span class='ocrx_word' id='word_1_204' title='bbox 258 3196 385 3260; x_wconf 83' lang='lat' dir='ltr'>baptizare</span> <span class='ocrx_word' id='word_1_205' title='bbox 409 3200 435 3248; x_wconf 91' lang='lat' dir='ltr'>in</span> <span class='ocrx_word' id='word_1_206' title='bbox 454 3202 600 3251; x_wconf 87' lang='lat' dir='ltr'>necessitate</span> <span class='ocrx_word' id='word_1_207' title='bbox 622 3202 775 3251; x_wconf 86' lang='lat' dir='ltr'>infirmitatis</span> <span class='ocrx_word' id='word_1_208' title='bbox 795 3202 906 3265; x_wconf 89' lang='lat' dir='ltr'>positum</span> <span class='ocrx_word' id='word_1_209' title='bbox 931 3201 1169 3252; x_wconf 82' lang='lat' dir='ltr'>catechumenum.“</span> <span class='ocrx_word' id='word_1_210' title='bbox 1206 3198 1255 3250; x_wconf 81' lang='lat' dir='ltr'>Cir.</span> <span class='ocrx_word' id='word_1_211' title='bbox 1274 3213 1329 3262; x_wconf 91' lang='lat' dir='ltr'>sup.</span> 
     </span>
     <span class='ocr_line' id='line_1_28' title="bbox 259 3282 1330 3349; baseline 0 -17"><span class='ocrx_word' id='word_1_212' title='bbox 259 3296 283 3344; x_wconf 91' lang='lat' dir='ltr'>p.</span> <span class='ocrx_word' id='word_1_213' title='bbox 294 3282 326 3332; x_wconf 80' lang='lat'>87</span> <span class='ocrx_word' id='word_1_214' title='bbox 340 3288 391 3333; x_wconf 92' lang='lat' dir='ltr'>not.</span> <span class='ocrx_word' id='word_1_215' title='bbox 406 3284 426 3333; x_wconf 91' lang='lat'>1.</span> <span class='ocrx_word' id='word_1_216' title='bbox 445 3313 478 3320; x_wconf 91' lang='lat'>—</span> <span class='ocrx_word' id='word_1_217' title='bbox 499 3285 608 3337; x_wconf 84' lang='lat' dir='ltr'>³Victor</span> <span class='ocrx_word' id='word_1_218' title='bbox 623 3287 764 3338; x_wconf 80' lang='lat' dir='ltr'>ree-199.</span> <span class='ocrx_word' id='word_1_219' title='bbox 796 3286 841 3347; x_wconf 88' lang='lat' dir='ltr'>„Et</span> <span class='ocrx_word' id='word_1_220' title='bbox 859 3288 995 3349; x_wconf 86' lang='lat' dir='ltr'>constituit,</span> <span class='ocrx_word' id='word_1_221' title='bbox 1013 3293 1040 3335; x_wconf 92' lang='lat' dir='ltr'>ut</span> <span class='ocrx_word' id='word_1_222' title='bbox 1058 3287 1207 3336; x_wconf 84' lang='lat' dir='ltr'>necessitate</span> <span class='ocrx_word' id='word_1_223' title='bbox 1224 3283 1330 3334; x_wconf 84' lang='lat' dir='ltr'>iaciente</span> 
     </span>
     <span class='ocr_line' id='line_1_29' title="bbox 260 3366 1329 3432; baseline 0.002 -17"><span class='ocrx_word' id='word_1_224' title='bbox 260 3371 286 3415; x_wconf 92' lang='lat' dir='ltr'>ut</span> <span class='ocrx_word' id='word_1_225' title='bbox 298 3366 389 3417; x_wconf 92' lang='lat' dir='ltr'>ubiubi</span> <span class='ocrx_word' id='word_1_226' title='bbox 406 3369 525 3419; x_wconf 90' lang='lat' dir='ltr'>inventus</span> <span class='ocrx_word' id='word_1_227' title='bbox 537 3370 633 3431; x_wconf 83' lang='lat' dir='ltr'>fuisset,</span> <span class='ocrx_word' id='word_1_228' title='bbox 652 3373 707 3422; x_wconf 90' lang='lat' dir='ltr'>sive</span> <span class='ocrx_word' id='word_1_229' title='bbox 724 3369 878 3432; x_wconf 84' lang='lat' dir='ltr'>influmine,</span> <span class='ocrx_word' id='word_1_230' title='bbox 896 3371 989 3420; x_wconf 90' lang='lat' dir='ltr'>sivein</span> <span class='ocrx_word' id='word_1_231' title='bbox 1003 3371 1075 3432; x_wconf 88' lang='lat' dir='ltr'>mari,</span> <span class='ocrx_word' id='word_1_232' title='bbox 1094 3371 1191 3420; x_wconf 91' lang='lat' dir='ltr'>sivein</span> <span class='ocrx_word' id='word_1_233' title='bbox 1209 3369 1329 3428; x_wconf 84' lang='lat' dir='ltr'>sontibus,</span> 
     </span>
     <span class='ocr_line' id='line_1_30' title="bbox 258 3451 1329 3520; baseline 0.001 -19"><span class='ocrx_word' id='word_1_234' title='bbox 258 3457 356 3502; x_wconf 90' lang='lat' dir='ltr'>tanturn</span> <span class='ocrx_word' id='word_1_235' title='bbox 367 3451 520 3503; x_wconf 87' lang='lat' dir='ltr'>christianae</span> <span class='ocrx_word' id='word_1_236' title='bbox 531 3455 691 3506; x_wconf 80' lang='lat' dir='ltr'>consessione</span> <span class='ocrx_word' id='word_1_237' title='bbox 703 3454 858 3505; x_wconf 87' lang='lat' dir='ltr'>credulitatis</span> <span class='ocrx_word' id='word_1_238' title='bbox 870 3454 1014 3516; x_wconf 86' lang='lat' dir='ltr'>clarificata,</span> <span class='ocrx_word' id='word_1_239' title='bbox 1024 3455 1181 3520; x_wconf 85' lang='lat' dir='ltr'>quicumque</span> <span class='ocrx_word' id='word_1_240' title='bbox 1192 3452 1329 3503; x_wconf 88' lang='lat' dir='ltr'>hominurn</span> 
     </span>
     <span class='ocr_line' id='line_1_31' title="bbox 257 3536 1328 3606; baseline 0.001 -20"><span class='ocrx_word' id='word_1_241' title='bbox 257 3553 290 3586; x_wconf 87' lang='lat' dir='ltr'>ex</span> <span class='ocrx_word' id='word_1_242' title='bbox 313 3537 403 3602; x_wconf 87' lang='lat' dir='ltr'>gentili</span> <span class='ocrx_word' id='word_1_243' title='bbox 426 3539 532 3589; x_wconf 88' lang='lat' dir='ltr'>veniens</span> <span class='ocrx_word' id='word_1_244' title='bbox 553 3544 581 3588; x_wconf 93' lang='lat' dir='ltr'>ut</span> <span class='ocrx_word' id='word_1_245' title='bbox 602 3540 796 3603; x_wconf 88' lang='lat' dir='ltr'>baptizaretur.“</span> <span class='ocrx_word' id='word_1_246' title='bbox 833 3541 860 3591; x_wconf 88' lang='lat' dir='ltr'>L.</span> <span class='ocrx_word' id='word_1_247' title='bbox 880 3556 904 3606; x_wconf 91' lang='lat' dir='ltr'>p.</span> <span class='ocrx_word' id='word_1_248' title='bbox 923 3539 1004 3591; x_wconf 89' lang='lat' dir='ltr'>Duch.</span> <span class='ocrx_word' id='word_1_249' title='bbox 1023 3539 1042 3602; x_wconf 93' lang='grc' dir='ltr'>Ι,</span> <span class='ocrx_word' id='word_1_250' title='bbox 1061 3555 1087 3603; x_wconf 89' lang='lat' dir='ltr'>p.</span> <span class='ocrx_word' id='word_1_251' title='bbox 1107 3541 1162 3591; x_wconf 77' lang='lat'>137.</span> <span class='ocrx_word' id='word_1_252' title='bbox 1182 3567 1213 3574; x_wconf 91' lang='lat'>-</span> <span class='ocrx_word' id='word_1_253' title='bbox 1233 3544 1245 3576; x_wconf 73' lang='lat'><strong>⁴</strong></span> <span class='ocrx_word' id='word_1_254' title='bbox 1263 3536 1328 3588; x_wconf 91' lang='lat' dir='ltr'>Con-</span> 
     </span>
     <span class='ocr_line' id='line_1_32' title="bbox 260 3620 1330 3688; baseline 0.002 -18"><span class='ocrx_word' id='word_1_255' title='bbox 260 3621 350 3671; x_wconf 90' lang='lat' dir='ltr'>cilium</span> <span class='ocrx_word' id='word_1_256' title='bbox 369 3622 482 3688; x_wconf 88' lang='lat' dir='ltr'>earthag.</span> <span class='ocrx_word' id='word_1_257' title='bbox 503 3629 528 3673; x_wconf 92' lang='lat' dir='ltr'>ut</span> <span class='ocrx_word' id='word_1_258' title='bbox 546 3623 638 3673; x_wconf 84' lang='lat' dir='ltr'>dicitur</span> <span class='ocrx_word' id='word_1_259' title='bbox 654 3628 772 3688; x_wconf 86' lang='lat' dir='ltr'>quartum</span> <span class='ocrx_word' id='word_1_260' title='bbox 789 3625 849 3674; x_wconf 89' lang='lat' dir='ltr'>ann.</span> <span class='ocrx_word' id='word_1_261' title='bbox 862 3625 910 3675; x_wconf 81' lang='lat'>398</span> <span class='ocrx_word' id='word_1_262' title='bbox 929 3625 1056 3674; x_wconf 86' lang='lat' dir='ltr'>constituit</span> <span class='ocrx_word' id='word_1_263' title='bbox 1073 3624 1203 3674; x_wconf 88' lang='lat' dir='ltr'>can.10tl:</span> <span class='ocrx_word' id='word_1_264' title='bbox 1223 3620 1330 3683; x_wconf 85' lang='lat' dir='ltr'>„Mulier</span> 
     </span>
     <span class='ocr_line' id='line_1_33' title="bbox 259 3699 1328 3774; baseline 0 -18"><span class='ocrx_word' id='word_1_265' title='bbox 259 3706 386 3770; x_wconf 89' lang='lat' dir='ltr'>baptizare</span> <span class='ocrx_word' id='word_1_266' title='bbox 405 3723 456 3758; x_wconf 93' lang='lat' dir='ltr'>non</span> <span class='ocrx_word' id='word_1_267' title='bbox 474 3713 647 3772; x_wconf 84' lang='lat' dir='ltr'>praesumat“;</span> <span class='ocrx_word' id='word_1_268' title='bbox 671 3699 718 3759; x_wconf 92' lang='lat' dir='ltr'>hos</span> <span class='ocrx_word' id='word_1_269' title='bbox 736 3724 796 3760; x_wconf 85' lang='lat' dir='ltr'>vero</span> <span class='ocrx_word' id='word_1_270' title='bbox 815 3723 926 3758; x_wconf 88' lang='lat' dir='ltr'>canones</span> <span class='ocrx_word' id='word_1_271' title='bbox 944 3725 994 3758; x_wconf 91' lang='lat' dir='ltr'>non</span> <span class='ocrx_word' id='word_1_272' title='bbox 1019 3710 1162 3760; x_wconf 85' lang='lat' dir='ltr'>sanctiones</span> <span class='ocrx_word' id='word_1_273' title='bbox 1181 3704 1328 3774; x_wconf 79' lang='lat' dir='ltr'>synodales,</span> 
     </span>
     <span class='ocr_line' id='line_1_34' title="bbox 259 3790 1329 3859; baseline 0 -19"><span class='ocrx_word' id='word_1_274' title='bbox 259 3791 305 3840; x_wconf 89' lang='lat' dir='ltr'>sed</span> <span class='ocrx_word' id='word_1_275' title='bbox 314 3793 445 3856; x_wconf 90' lang='lat' dir='ltr'>generalia</span> <span class='ocrx_word' id='word_1_276' title='bbox 455 3797 547 3844; x_wconf 88' lang='lat' dir='ltr'>statuta</span> <span class='ocrx_word' id='word_1_277' title='bbox 559 3792 680 3844; x_wconf 87' lang='lat' dir='ltr'>ecclesiae</span> <span class='ocrx_word' id='word_1_278' title='bbox 692 3795 809 3859; x_wconf 88' lang='lat' dir='ltr'>antiquae</span> <span class='ocrx_word' id='word_1_279' title='bbox 820 3809 883 3855; x_wconf 89' lang='lat' dir='ltr'>esse,</span> <span class='ocrx_word' id='word_1_280' title='bbox 897 3794 1031 3846; x_wconf 73' lang='lat' dir='ltr'>Baliarici</span> <span class='ocrx_word' id='word_1_281' title='bbox 1039 3792 1105 3844; x_wconf 89' lang='lat' dir='ltr'>clare</span> <span class='ocrx_word' id='word_1_282' title='bbox 1115 3790 1329 3843; x_wconf 89' lang='lat' dir='ltr'>demonstrabant.</span> 
     </span>
     <span class='ocr_line' id='line_1_35' title="bbox 259 3873 1328 3944; baseline 0.001 -20"><span class='ocrx_word' id='word_1_283' title='bbox 259 3873 322 3939; x_wconf 88' lang='lat' dir='ltr'>Opp.</span> <span class='ocrx_word' id='word_1_284' title='bbox 342 3875 434 3927; x_wconf 91' lang='lat' dir='ltr'>Leonis</span> <span class='ocrx_word' id='word_1_285' title='bbox 453 3877 486 3928; x_wconf 88' lang='lat' dir='ltr'>M.</span> <span class='ocrx_word' id='word_1_286' title='bbox 505 3877 573 3940; x_wconf 80' lang='lat' dir='ltr'>till,</span> <span class='ocrx_word' id='word_1_287' title='bbox 592 3880 670 3942; x_wconf 88' lang='lat' dir='ltr'>prael.</span> <span class='ocrx_word' id='word_1_288' title='bbox 689 3895 713 3943; x_wconf 91' lang='lat' dir='ltr'>p.</span> <span class='ocrx_word' id='word_1_289' title='bbox 733 3882 764 3931; x_wconf 75' lang='lat'>79</span> <span class='ocrx_word' id='word_1_290' title='bbox 774 3894 829 3944; x_wconf 87' lang='lat' dir='ltr'>sqq.</span> <span class='ocrx_word' id='word_1_291' title='bbox 848 3880 891 3929; x_wconf 83' lang='lat' dir='ltr'>cir.</span> <span class='ocrx_word' id='word_1_292' title='bbox 904 3877 992 3929; x_wconf 84' lang='lat' dir='ltr'>Hefele</span> <span class='ocrx_word' id='word_1_293' title='bbox 1011 3876 1086 3928; x_wconf 86' lang='lat' dir='ltr'>Cone.</span> <span class='ocrx_word' id='word_1_294' title='bbox 1102 3876 1192 3928; x_wconf 86' lang='lat' dir='ltr'>Geseh.</span> <span class='ocrx_word' id='word_1_295' title='bbox 1206 3875 1233 3940; x_wconf 85' lang='lat' dir='ltr'>ll,</span> <span class='ocrx_word' id='word_1_296' title='bbox 1251 3892 1275 3940; x_wconf 90' lang='lat' dir='ltr'>p.</span> <span class='ocrx_word' id='word_1_297' title='bbox 1288 3876 1328 3927; x_wconf 87' lang='grc'>68.</span> 
     </span>
    </p>
   </div>
   <div class='ocr_carea' id='block_1_5' title="bbox 0 0 1482 4766">
    <p class='ocr_par' dir='ltr' id='par_1_5' title="bbox 0 0 1482 4766">
     <span class='ocr_line' id='line_1_36' title="bbox 0 0 1482 4766; baseline 0 0"><span class='ocrx_word' id='word_1_298' title='bbox 0 0 1482 4766; x_wconf 95' lang='lat' dir='ltr'> </span> 
     </span>
    </p>
   </div>
  </div>
 </body>
</html>
