2956 4766
755 545 793 613 tt.

421 709 685 794 Quaestiunculu
712 713 872 804 quaedam
900 713 942 782 da
968 711 1135 804 baptismo.

242 876 304 930 Cod.
323 875 439 942 Sangall.
457 892 481 928 n.
496 878 546 930 446
564 892 614 928 seo.
627 876 658 926 X.
677 876 720 929 sol.
734 880 789 931 83.1
819 878 868 931 Cir.
882 877 1031 928 Amalarius
1049 879 1182 929 trevirens.
1201 877 1333 944 archiep.

242 962 274 1013 ad
297 961 416 1012 Carolum
434 961 520 1027 Magn.
545 962 576 1012 de
598 963 748 1012 ceremoniis
770 962 898 1028 baptismi.
937 962 1056 1024 Gerbert,
1083 961 1242 1014 Monument.
1267 969 1331 1014 vet.

586 1045 672 1110 liturg.
690 1045 767 1099 aiam.
785 1047 811 1109 Π,
830 1063 889 1112 pag.
909 1050 966 1100 293.

306 1221 497 1296 Baptismum
522 1235 645 1294 graece,
676 1220 807 1280 tatinum
830 1222 934 1280 tinctio
965 1221 1197 1296 interpretatur,
1229 1223 1327 1296 quod

243 1323 357 1384 idcirco
386 1323 492 1382 tinctio
522 1315 648 1388 dicitur,¹
681 1324 754 1398 quia
787 1323 827 1383 ibi
861 1323 954 1382 homo
990 1324 1097 1399 spiritu
1131 1323 1250 1397 gratiae
1289 1325 1322 1380 in

243 1426 354 1484 metius
378 1429 512 1483 mutatur
535 1429 566 1484 et
587 1426 681 1500 longe
706 1424 789 1484 atiud
813 1441 908 1501 quam
933 1432 1000 1485 erat
1024 1425 1161 1485 efficitur.
1203 1425 1324 1501 ¹Bapti-

245 1533 331 1586 zatus
362 1526 391 1583 in
423 1527 547 1585 nomine
577 1528 672 1600 patris
703 1533 733 1586 et
760 1527 812 1586 filii
836 1534 865 1586 et
888 1529 1013 1604 spiritus
1037 1528 1151 1598 sancti,
1183 1527 1264 1587 sicut
1289 1527 1321 1586 in

244 1627 344 1687 tribus
367 1628 499 1688 testibus
522 1628 575 1687 fiat
591 1644 683 1687 omne
706 1630 867 1700 verbum2,
890 1631 931 1691 ita
953 1637 984 1689 et
1006 1630 1066 1690 hoc
1083 1635 1320 1691 sacramentum

247 1729 409 1791 confirmat
445 1731 598 1791 ternarius
631 1747 778 1790 numerus
812 1733 970 1792 nominum
1008 1733 1196 1803 divinorum,
1234 1731 1320 1791 idem

245 1832 344 1908 patris
375 1831 483 1892 attilii
514 1838 543 1891 et
572 1834 696 1907 spiritus
724 1836 824 1894 sancti
853 1850 909 1910 per
938 1850 1052 1910 aquam
1078 1833 1319 1909 baptismum(.)

247 1934 343 2004 datur,
367 1935 440 2010 quia
463 1949 691 2011 superaquam
716 1936 807 1995 etiam
831 1938 860 1995 in
889 1937 1039 2012 principio
1071 1935 1227 1997 terebatur
1254 1935 1321 2012 spi-

246 2036 323 2098 ritus
347 2037 501 2096 sanctus-3

506 2206 552 2266 Be
575 2211 726 2283 mysteriis
748 2210 836 2268 saort
857 2209 1058 2284 baptismatis,

311 2343 343 2400 In
379 2343 429 2402 iiio
459 2341 560 2403 oificio
592 2343 725 2419 primum
757 2360 899 2421 paganus
931 2344 1164 2404 cathecuminus
1197 2344 1240 2418 (id
1268 2350 1319 2403 est

248 2445 393 2522 audiens)
423 2445 457 2505 fit
479 2446 633 2506 accedens
657 2448 696 2506 ad
720 2448 922 2524 baptismum,
952 2453 985 2508 ut
1007 2446 1161 2506 renuntiet
1183 2445 1317 2518 maligno

249 2546 370 2622 spiritui
408 2553 438 2606 ct
473 2549 619 2609 omnibus
653 2549 812 2610 damnosis
842 2551 909 2610 eius
942 2549 1088 2624 operibus
1123 2555 1152 2608 et
1185 2548 1315 2623 pompis.

248 2647 440 2709 Exsusilatur
463 2650 564 2727 etiam,
586 2658 620 2709 ut
643 2652 746 2726 fugato
770 2652 892 2713 diabolo
916 2650 1038 2712 Christo
1063 2651 1185 2712 domino
1210 2655 1316 2709 nostro

251 2755 375 2826 paretur
403 2751 555 2813 introitus.
599 2752 812 2814 Exorcizetur:
844 2755 925 2814 idem
956 2755 1134 2816 coniuretur
1163 2753 1315 2826 malignus

250 2853 385 2929 spiritus,
409 2860 443 2912 ut
467 2861 558 2914 excat
580 2862 611 2916 et
631 2858 759 2923 recedat
781 2858 859 2917 dans
884 2861 983 2917 locum
1000 2857 1058 2916 deo
1073 2871 1162 2916 vero.
1197 2853 1317 2928 Accipit

251 2955 489 3017 cathecuminos
505 2959 613 3032 satem,
629 2965 664 3016 ut
678 2960 803 3034 putrida
819 2965 850 3018 et
864 2957 949 3017 fluxa
964 2959 1031 3018 eius
1047 2966 1184 3033 peccata,
1206 2955 1316 3033 quibus

250 3064 321 3117 ante
344 3060 463 3119 maduit
485 3061 638 3137 sapientie
662 3063 728 3122 sale
751 3063 875 3120 condita
897 3061 999 3119 divino
1016 3077 1144 3120 munere
1168 3058 1317 3117 mundan-

251 3166 309 3231 tur.
356 3161 430 3220 Dein
463 3165 596 3240 symboti
626 3164 788 3238 apostolici
816 3165 948 3224 traditur
978 3165 1005 3223 ei
1034 3163 1128 3229 fides,
1159 3167 1193 3220 ut
1220 3175 1319 3220 vacua

253 3261 364 3329 domus
389 3269 419 3321 et
444 3280 463 3324 a
490 3267 594 3340 prisco
623 3265 794 3326 habitatore
818 3266 965 3326 derelicta
992 3265 1054 3325 fide
1085 3268 1211 3326 ornetur
1234 3268 1264 3322 et
1285 3269 1319 3322 ut

252 3371 460 3442 praeparetur
482 3365 632 3429 habitatio
656 3371 721 3428 deo.
766 3370 854 3431 Tunc
876 3368 955 3430 fiunt
977 3369 1134 3437 scrutinia,
1156 3371 1192 3426 ut
1214 3366 1319 3441 explo-

251 3476 337 3528 retur
359 3468 483 3538 certius,
513 3486 550 3530 an
576 3478 645 3546 post
668 3473 926 3532 renuntiationem
950 3478 1079 3532 satanae
1101 3469 1213 3530 verba
1229 3467 1318 3527 datae

232 3661 237 3672 ’
326 3673 335 3708 1
353 3668 417 3720 Nota
429 3671 462 3721 ad
481 3671 624 3734 marginem
637 3670 669 3722 ab
687 3672 777 3722 eadem
796 3673 986 3737 manuscripta,
1005 3686 1070 3736 quae
1087 3673 1185 3720 textum
1201 3667 1319 3726 exaravit,

252 3755 366 3807 exhibet:
405 3755 488 3818 „istud
518 3770 533 3805 a
563 3756 658 3820 palatio
688 3759 836 3822 aquisgrani
863 3758 956 3808 venit.“
977 3785 1008 3794 —-
1030 3753 1264 3814 ²Matth.18‚16.
1286 3780 1318 3790 —

254 3839 374 3893 ³Gcnes.
392 3840 411 3901 Ι,
429 3843 453 3892 2.
