<?xml version="1.0" encoding="UTF-8"?>
<!DOCTYPE html PUBLIC "-//W3C//DTD XHTML 1.0 Transitional//EN"
    "http://www.w3.org/TR/xhtml1/DTD/xhtml1-transitional.dtd">
<html xmlns="http://www.w3.org/1999/xhtml" xml:lang="en" lang="en">
 <head>
  <title>
</title>
<meta http-equiv="Content-Type" content="text/html;charset=utf-8" />
  <meta name='ocr-system' content='tesseract 3.04.00' />
  <meta name='ocr-capabilities' content='ocr_page ocr_carea ocr_par ocr_line ocrx_word'/>
</head>
<body>
  <div class='ocr_page' id='page_1' title='image "./walafridistrabo00kngoog_0029.png"; bbox 0 0 2896 4828; ppageno 0'>
   <div class='ocr_carea' id='block_1_1' title="bbox 578 330 764 388">
    <p class='ocr_par' dir='ltr' id='par_1_1' title="bbox 578 330 764 388">
     <span class='ocr_line' id='line_1_1' title="bbox 578 330 764 388; baseline -0.011 -14"><span class='ocrx_word' id='word_1_1' title='bbox 578 330 764 388; x_wconf 70' lang='grc'>..7-</span> 
     </span>
    </p>
   </div>
   <div class='ocr_carea' id='block_1_2' title="bbox 76 499 1280 3127">
    <p class='ocr_par' dir='ltr' id='par_1_2' title="bbox 76 499 1280 3127">
     <span class='ocr_line' id='line_1_2' title="bbox 130 499 1205 578; baseline -0.002 -12"><span class='ocrx_word' id='word_1_2' title='bbox 130 507 364 578; x_wconf 87' lang='lat' dir='ltr'>consequenter</span> <span class='ocrx_word' id='word_1_3' title='bbox 386 502 478 560; x_wconf 90' lang='lat' dir='ltr'>etiarn</span> <span class='ocrx_word' id='word_1_4' title='bbox 503 500 746 561; x_wconf 88' lang='lat' dir='ltr'>aedificationem</span> <span class='ocrx_word' id='word_1_5' title='bbox 777 499 960 574; x_wconf 91' lang='lat' dir='ltr'>temptorum</span> <span class='ocrx_word' id='word_1_6' title='bbox 990 505 1020 558; x_wconf 89' lang='lat' dir='ltr'>et</span> <span class='ocrx_word' id='word_1_7' title='bbox 1042 504 1205 578; x_wconf 82' lang='lat' dir='ltr'>sanguinis</span> 
     </span>
     <span class='ocr_line' id='line_1_3' title="bbox 131 601 1207 675; baseline 0 -9"><span class='ocrx_word' id='word_1_8' title='bbox 131 623 198 667; x_wconf 90' lang='lat' dir='ltr'>non</span> <span class='ocrx_word' id='word_1_9' title='bbox 223 607 325 666; x_wconf 89' lang='lat' dir='ltr'>solum</span> <span class='ocrx_word' id='word_1_10' title='bbox 348 603 503 675; x_wconf 79' lang='lat' dir='ltr'>animaliS,</span> <span class='ocrx_word' id='word_1_11' title='bbox 534 603 592 662; x_wconf 92' lang='lat' dir='ltr'>sed</span> <span class='ocrx_word' id='word_1_12' title='bbox 622 603 714 663; x_wconf 90' lang='lat' dir='ltr'>etiam</span> <span class='ocrx_word' id='word_1_13' title='bbox 745 601 872 662; x_wconf 91' lang='lat' dir='ltr'>humani</span> <span class='ocrx_word' id='word_1_14' title='bbox 902 601 1139 666; x_wconf 82' lang='lat' dir='ltr'>immolationem</span> <span class='ocrx_word' id='word_1_15' title='bbox 1167 606 1207 666; x_wconf 86' lang='lat' dir='ltr'>ad</span> 
     </span>
     <span class='ocr_line' id='line_1_4' title="bbox 132 702 1205 782; baseline -0.003 -14"><span class='ocrx_word' id='word_1_16' title='bbox 132 709 288 769; x_wconf 91' lang='lat' dir='ltr'>maiorem</span> <span class='ocrx_word' id='word_1_17' title='bbox 310 706 453 782; x_wconf 83' lang='lat' dir='ltr'>persuasi</span> <span class='ocrx_word' id='word_1_18' title='bbox 476 705 590 766; x_wconf 87' lang='lat' dir='ltr'>erroris</span> <span class='ocrx_word' id='word_1_19' title='bbox 613 705 782 765; x_wconf 84' lang='lat' dir='ltr'>vindictam</span> <span class='ocrx_word' id='word_1_20' title='bbox 812 702 871 762; x_wconf 91' lang='lat' dir='ltr'>sibi</span> <span class='ocrx_word' id='word_1_21' title='bbox 893 702 959 762; x_wconf 88' lang='lat' dir='ltr'>heri</span> <span class='ocrx_word' id='word_1_22' title='bbox 982 706 1205 780; x_wconf 84' lang='lat' dir='ltr'>exposcebant.</span> 
     </span>
     <span class='ocr_line' id='line_1_5' title="bbox 132 806 1205 885; baseline 0 -15"><span class='ocrx_word' id='word_1_23' title='bbox 132 811 274 885; x_wconf 83' lang='lat' dir='ltr'>Ideoque</span> <span class='ocrx_word' id='word_1_24' title='bbox 296 809 491 884; x_wconf 81' lang='lat' dir='ltr'>omnipotens</span> <span class='ocrx_word' id='word_1_25' title='bbox 508 813 539 867; x_wconf 87' lang='lat' dir='ltr'>et</span> <span class='ocrx_word' id='word_1_26' title='bbox 555 807 677 883; x_wconf 88' lang='lat' dir='ltr'>patiens</span> <span class='ocrx_word' id='word_1_27' title='bbox 693 812 823 876; x_wconf 87' lang='lat' dir='ltr'>creator,</span> <span class='ocrx_word' id='word_1_28' title='bbox 848 806 987 865; x_wconf 86' lang='lat' dir='ltr'>facturae</span> <span class='ocrx_word' id='word_1_29' title='bbox 1003 823 1080 866; x_wconf 89' lang='lat' dir='ltr'>suae</span> <span class='ocrx_word' id='word_1_30' title='bbox 1095 809 1205 870; x_wconf 85' lang='lat' dir='ltr'>volens</span> 
     </span>
     <span class='ocr_line' id='line_1_6' title="bbox 136 906 1204 988; baseline -0.002 -15"><span class='ocrx_word' id='word_1_31' title='bbox 136 912 343 988; x_wconf 89' lang='lat' dir='ltr'>undecunque</span> <span class='ocrx_word' id='word_1_32' title='bbox 367 911 541 980; x_wconf 89' lang='lat' dir='ltr'>consulere,</span> <span class='ocrx_word' id='word_1_33' title='bbox 563 910 652 983; x_wconf 74' lang='lat' dir='ltr'>quial</span> <span class='ocrx_word' id='word_1_34' title='bbox 673 914 799 982; x_wconf 90' lang='lat' dir='ltr'>propter</span> <span class='ocrx_word' id='word_1_35' title='bbox 823 906 1019 980; x_wconf 79' lang='lat' dir='ltr'>tragilitatem</span> <span class='ocrx_word' id='word_1_36' title='bbox 1036 911 1204 971; x_wconf 89' lang='lat' dir='ltr'>carnalium</span> 
     </span>
     <span class='ocr_line' id='line_1_7' title="bbox 134 1008 1206 1088; baseline -0.004 -14"><span class='ocrx_word' id='word_1_37' title='bbox 134 1030 246 1075; x_wconf 91' lang='lat' dir='ltr'>omnes</span> <span class='ocrx_word' id='word_1_38' title='bbox 275 1010 523 1072; x_wconf 90' lang='lat' dir='ltr'>consuetudines</span> <span class='ocrx_word' id='word_1_39' title='bbox 550 1009 668 1084; x_wconf 90' lang='lat' dir='ltr'>pariter</span> <span class='ocrx_word' id='word_1_40' title='bbox 694 1009 761 1069; x_wconf 91' lang='lat' dir='ltr'>tolli</span> <span class='ocrx_word' id='word_1_41' title='bbox 789 1024 849 1066; x_wconf 91' lang='lat' dir='ltr'>non</span> <span class='ocrx_word' id='word_1_42' title='bbox 873 1023 966 1083; x_wconf 88' lang='lat' dir='ltr'>posse</span> <span class='ocrx_word' id='word_1_43' title='bbox 989 1008 1115 1082; x_wconf 82' lang='lat' dir='ltr'>sciebat,</span> <span class='ocrx_word' id='word_1_44' title='bbox 1141 1028 1206 1088; x_wconf 88' lang='lat' dir='ltr'>per-</span> 
     </span>
     <span class='ocr_line' id='line_1_8' title="bbox 132 1109 1206 1188; baseline -0.005 -10"><span class='ocrx_word' id='word_1_45' title='bbox 132 1118 222 1178; x_wconf 88' lang='lat' dir='ltr'>misit</span> <span class='ocrx_word' id='word_1_46' title='bbox 251 1125 283 1177; x_wconf 90' lang='lat' dir='ltr'>et</span> <span class='ocrx_word' id='word_1_47' title='bbox 308 1114 400 1175; x_wconf 88' lang='lat' dir='ltr'>iussit</span> <span class='ocrx_word' id='word_1_48' title='bbox 429 1112 585 1188; x_wconf 88' lang='lat' dir='ltr'>quaedam</span> <span class='ocrx_word' id='word_1_49' title='bbox 618 1111 676 1170; x_wconf 91' lang='lat' dir='ltr'>sibi</span> <span class='ocrx_word' id='word_1_50' title='bbox 712 1109 939 1172; x_wconf 88' lang='lat' dir='ltr'>obedientera</span> <span class='ocrx_word' id='word_1_51' title='bbox 973 1109 1030 1186; x_wconf 90' lang='lat' dir='ltr'>piis</span> <span class='ocrx_word' id='word_1_52' title='bbox 1059 1110 1206 1185; x_wconf 87' lang='lat' dir='ltr'>exhiberi,</span> 
     </span>
     <span class='ocr_line' id='line_1_9' title="bbox 132 1211 1207 1296; baseline -0.003 -17"><span class='ocrx_word' id='word_1_53' title='bbox 132 1233 219 1296; x_wconf 88' lang='lat' dir='ltr'>quae</span> <span class='ocrx_word' id='word_1_54' title='bbox 244 1216 451 1277; x_wconf 88' lang='lat' dir='ltr'>daemonibus</span> <span class='ocrx_word' id='word_1_55' title='bbox 468 1212 683 1272; x_wconf 83' lang='lat' dir='ltr'>damnabiliter</span> <span class='ocrx_word' id='word_1_56' title='bbox 705 1214 744 1272; x_wconf 90' lang='lat' dir='ltr'>ab</span> <span class='ocrx_word' id='word_1_57' title='bbox 766 1212 865 1287; x_wconf 89' lang='lat' dir='ltr'>impiis</span> <span class='ocrx_word' id='word_1_58' title='bbox 881 1211 1093 1288; x_wconf 82' lang='lat' dir='ltr'>solvebantur,</span> <span class='ocrx_word' id='word_1_59' title='bbox 1117 1216 1207 1276; x_wconf 88' lang='lat' dir='ltr'>sicuti</span> 
     </span>
     <span class='ocr_line' id='line_1_10' title="bbox 134 1314 1207 1389; baseline -0.004 -9"><span class='ocrx_word' id='word_1_60' title='bbox 134 1326 212 1380; x_wconf 91' lang='lat' dir='ltr'>sunt</span> <span class='ocrx_word' id='word_1_61' title='bbox 239 1317 363 1377; x_wconf 89' lang='lat' dir='ltr'>aedium</span> <span class='ocrx_word' id='word_1_62' title='bbox 393 1316 639 1376; x_wconf 82' lang='lat' dir='ltr'>constructiones</span> <span class='ocrx_word' id='word_1_63' title='bbox 668 1322 698 1375; x_wconf 89' lang='lat' dir='ltr'>et</span> <span class='ocrx_word' id='word_1_64' title='bbox 725 1314 919 1375; x_wconf 85' lang='lat' dir='ltr'>diversorum</span> <span class='ocrx_word' id='word_1_65' title='bbox 949 1329 1063 1389; x_wconf 85' lang='lat' dir='ltr'>genera</span> <span class='ocrx_word' id='word_1_66' title='bbox 1090 1317 1207 1378; x_wconf 90' lang='lat' dir='ltr'>sacriti-</span> 
     </span>
     <span class='ocr_line' id='line_1_11' title="bbox 135 1416 1207 1494; baseline -0.003 -14"><span class='ocrx_word' id='word_1_67' title='bbox 135 1422 265 1480; x_wconf 92' lang='lat' dir='ltr'>ciorum.</span> <span class='ocrx_word' id='word_1_68' title='bbox 308 1418 348 1476; x_wconf 88' lang='lat' dir='ltr'>Et</span> <span class='ocrx_word' id='word_1_69' title='bbox 369 1419 484 1479; x_wconf 87' lang='lat' dir='ltr'>iactum</span> <span class='ocrx_word' id='word_1_70' title='bbox 509 1424 566 1487; x_wconf 89' lang='lat' dir='ltr'>est,</span> <span class='ocrx_word' id='word_1_71' title='bbox 590 1423 625 1476; x_wconf 92' lang='lat' dir='ltr'>ut</span> <span class='ocrx_word' id='word_1_72' title='bbox 648 1433 727 1493; x_wconf 90' lang='lat' dir='ltr'>quae</span> <span class='ocrx_word' id='word_1_73' title='bbox 750 1416 905 1491; x_wconf 88' lang='lat' dir='ltr'>prioribus</span> <span class='ocrx_word' id='word_1_74' title='bbox 929 1421 1057 1494; x_wconf 89' lang='lat' dir='ltr'>propter</span> <span class='ocrx_word' id='word_1_75' title='bbox 1079 1418 1207 1479; x_wconf 86' lang='lat' dir='ltr'>infirmi-</span> 
     </span>
     <span class='ocr_line' id='line_1_12' title="bbox 134 1518 1206 1595; baseline -0.002 -13"><span class='ocrx_word' id='word_1_76' title='bbox 134 1529 232 1584; x_wconf 87' lang='lat' dir='ltr'>tatem</span> <span class='ocrx_word' id='word_1_77' title='bbox 256 1535 410 1583; x_wconf 89' lang='lat' dir='ltr'>concessa</span> <span class='ocrx_word' id='word_1_78' title='bbox 434 1526 508 1581; x_wconf 90' lang='lat' dir='ltr'>sunt</span> <span class='ocrx_word' id='word_1_79' title='bbox 526 1518 566 1579; x_wconf 88' lang='lat' dir='ltr'>ad</span> <span class='ocrx_word' id='word_1_80' title='bbox 582 1521 795 1581; x_wconf 87' lang='lat' dir='ltr'>exclusionem</span> <span class='ocrx_word' id='word_1_81' title='bbox 814 1518 938 1593; x_wconf 88' lang='lat' dir='ltr'>erroris,</span> <span class='ocrx_word' id='word_1_82' title='bbox 963 1518 1052 1578; x_wconf 92' lang='lat' dir='ltr'>nobis</span> <span class='ocrx_word' id='word_1_83' title='bbox 1075 1535 1206 1595; x_wconf 88' lang='lat' dir='ltr'>sequen-</span> 
     </span>
     <span class='ocr_line' id='line_1_13' title="bbox 131 1620 1206 1700; baseline -0.001 -16"><span class='ocrx_word' id='word_1_84' title='bbox 131 1620 234 1684; x_wconf 87' lang='lat' dir='ltr'>tibusb</span> <span class='ocrx_word' id='word_1_85' title='bbox 256 1641 314 1700; x_wconf 89' lang='lat' dir='ltr'>per</span> <span class='ocrx_word' id='word_1_86' title='bbox 329 1623 442 1684; x_wconf 81' lang='lat' dir='ltr'>Christi</span> <span class='ocrx_word' id='word_1_87' title='bbox 458 1623 638 1698; x_wconf 86' lang='lat' dir='ltr'>passionem</span> <span class='ocrx_word' id='word_1_88' title='bbox 651 1621 808 1698; x_wconf 85' lang='lat' dir='ltr'>patefacta</span> <span class='ocrx_word' id='word_1_89' title='bbox 823 1621 1008 1696; x_wconf 89' lang='lat' dir='ltr'>proficerent</span> <span class='ocrx_word' id='word_1_90' title='bbox 1023 1622 1063 1681; x_wconf 91' lang='lat' dir='ltr'>ad</span> <span class='ocrx_word' id='word_1_91' title='bbox 1079 1638 1206 1683; x_wconf 86' lang='lat' dir='ltr'>causam</span> 
     </span>
     <span class='ocr_line' id='line_1_14' title="bbox 131 1724 1205 1805; baseline -0.001 -17"><span class='ocrx_word' id='word_1_92' title='bbox 131 1727 344 1805; x_wconf 78' lang='lat' dir='ltr'>perfectionis,</span> <span class='ocrx_word' id='word_1_93' title='bbox 367 1725 441 1786; x_wconf 91' lang='lat' dir='ltr'>dum</span> <span class='ocrx_word' id='word_1_94' title='bbox 458 1731 488 1784; x_wconf 91' lang='lat' dir='ltr'>et</span> <span class='ocrx_word' id='word_1_95' title='bbox 503 1725 533 1784; x_wconf 91' lang='lat' dir='ltr'>in</span> <span class='ocrx_word' id='word_1_96' title='bbox 551 1724 610 1785; x_wconf 91' lang='lat' dir='ltr'>illis</span> <span class='ocrx_word' id='word_1_97' title='bbox 624 1724 839 1784; x_wconf 86' lang='lat' dir='ltr'>materialibus</span> <span class='ocrx_word' id='word_1_98' title='bbox 854 1725 1017 1783; x_wconf 87' lang='lat' dir='ltr'>structuris</span> <span class='ocrx_word' id='word_1_99' title='bbox 1034 1725 1205 1787; x_wconf 88' lang='lat' dir='ltr'>aediticium</span> 
     </span>
     <span class='ocr_line' id='line_1_15' title="bbox 132 1826 1207 1904; baseline -0.002 -14"><span class='ocrx_word' id='word_1_100' title='bbox 132 1829 286 1890; x_wconf 88' lang='lat' dir='ltr'>ecclesiae</span> <span class='ocrx_word' id='word_1_101' title='bbox 302 1827 448 1904; x_wconf 88' lang='lat' dir='ltr'>spiritale,</span> <span class='ocrx_word' id='word_1_102' title='bbox 464 1833 496 1886; x_wconf 90' lang='lat' dir='ltr'>et</span> <span class='ocrx_word' id='word_1_103' title='bbox 511 1827 539 1886; x_wconf 93' lang='lat' dir='ltr'>in</span> <span class='ocrx_word' id='word_1_104' title='bbox 557 1827 733 1888; x_wconf 89' lang='lat' dir='ltr'>carnalibus</span> <span class='ocrx_word' id='word_1_105' title='bbox 748 1826 883 1886; x_wconf 81' lang='lat' dir='ltr'>victimis</span> <span class='ocrx_word' id='word_1_106' title='bbox 899 1840 937 1885; x_wconf 87' lang='lat' dir='ltr'>ac</span> <span class='ocrx_word' id='word_1_107' title='bbox 957 1827 1207 1888; x_wconf 89' lang='lat' dir='ltr'>solemnitatibus</span> 
     </span>
     <span class='ocr_line' id='line_1_16' title="bbox 133 1929 1208 2008; baseline -0.003 -17"><span class='ocrx_word' id='word_1_108' title='bbox 133 1932 317 2008; x_wconf 90' lang='lat' dir='ltr'>passionem</span> <span class='ocrx_word' id='word_1_109' title='bbox 340 1929 454 1990; x_wconf 84' lang='lat' dir='ltr'>Christi</span> <span class='ocrx_word' id='word_1_110' title='bbox 477 1935 509 1987; x_wconf 89' lang='lat' dir='ltr'>et</span> <span class='ocrx_word' id='word_1_111' title='bbox 529 1929 676 1988; x_wconf 86' lang='lat' dir='ltr'>virtutum</span> <span class='ocrx_word' id='word_1_112' title='bbox 700 1929 888 1988; x_wconf 86' lang='lat' dir='ltr'>documenta</span> <span class='ocrx_word' id='word_1_113' title='bbox 914 1929 1075 1988; x_wconf 91' lang='lat' dir='ltr'>sentimus.</span> <span class='ocrx_word' id='word_1_114' title='bbox 1122 1929 1208 1989; x_wconf 90' lang='lat' dir='ltr'>Sicut</span> 
     </span>
     <span class='ocr_line' id='line_1_17' title="bbox 134 2028 1208 2106; baseline -0.002 -15"><span class='ocrx_word' id='word_1_115' title='bbox 134 2037 241 2092; x_wconf 90' lang='lat' dir='ltr'>autem</span> <span class='ocrx_word' id='word_1_116' title='bbox 265 2031 420 2106; x_wconf 86' lang='lat' dir='ltr'>quaedam</span> <span class='ocrx_word' id='word_1_117' title='bbox 444 2037 611 2105; x_wconf 89' lang='lat' dir='ltr'>praecepta</span> <span class='ocrx_word' id='word_1_118' title='bbox 633 2031 766 2089; x_wconf 87' lang='lat' dir='ltr'>moralia</span> <span class='ocrx_word' id='word_1_119' title='bbox 781 2029 873 2088; x_wconf 89' lang='lat' dir='ltr'>nobis</span> <span class='ocrx_word' id='word_1_120' title='bbox 889 2035 919 2088; x_wconf 90' lang='lat' dir='ltr'>et</span> <span class='ocrx_word' id='word_1_121' title='bbox 934 2028 1093 2090; x_wconf 82' lang='lat' dir='ltr'>veteribus</span> <span class='ocrx_word' id='word_1_122' title='bbox 1108 2031 1208 2090; x_wconf 86' lang='lat' dir='ltr'>voluit</span> 
     </span>
     <span class='ocr_line' id='line_1_18' title="bbox 136 2123 1204 2208; baseline 0.001 -17"><span class='ocrx_word' id='word_1_123' title='bbox 136 2133 222 2191; x_wconf 89' lang='lat' dir='ltr'>Deus</span> <span class='ocrx_word' id='word_1_124' title='bbox 238 2147 311 2191; x_wconf 89' lang='lat' dir='ltr'>esse</span> <span class='ocrx_word' id='word_1_125' title='bbox 327 2131 510 2205; x_wconf 89' lang='lat' dir='ltr'>communia,</span> <span class='ocrx_word' id='word_1_126' title='bbox 528 2137 561 2191; x_wconf 92' lang='lat' dir='ltr'>ut</span> <span class='ocrx_word' id='word_1_127' title='bbox 574 2137 646 2190; x_wconf 89' lang='lat' dir='ltr'>sunt</span> <span class='ocrx_word' id='word_1_128' title='bbox 659 2147 705 2208; x_wconf 90' lang='lat' dir='ltr'>ea,</span> <span class='ocrx_word' id='word_1_129' title='bbox 721 2146 802 2208; x_wconf 89' lang='lat' dir='ltr'>quae</span> <span class='ocrx_word' id='word_1_130' title='bbox 818 2132 858 2191; x_wconf 87' lang='lat' dir='ltr'>ad</span> <span class='ocrx_word' id='word_1_131' title='bbox 874 2123 993 2193; x_wconf 87' lang='lat' dir='ltr'>morum</span> <span class='ocrx_word' id='word_1_132' title='bbox 1009 2130 1204 2192; x_wconf 85' lang='lat' dir='ltr'>honestatem</span> 
     </span>
     <span class='ocr_line' id='line_1_19' title="bbox 137 2232 1204 2308; baseline 0.001 -15"><span class='ocrx_word' id='word_1_133' title='bbox 137 2239 167 2294; x_wconf 90' lang='lat' dir='ltr'>et</span> <span class='ocrx_word' id='word_1_134' title='bbox 181 2233 222 2293; x_wconf 91' lang='lat' dir='ltr'>ad</span> <span class='ocrx_word' id='word_1_135' title='bbox 237 2233 288 2293; x_wconf 88' lang='lat' dir='ltr'>ius</span> <span class='ocrx_word' id='word_1_136' title='bbox 303 2235 383 2292; x_wconf 92' lang='lat' dir='ltr'>inter</span> <span class='ocrx_word' id='word_1_137' title='bbox 395 2233 538 2293; x_wconf 92' lang='lat' dir='ltr'>homines</span> <span class='ocrx_word' id='word_1_138' title='bbox 550 2233 706 2308; x_wconf 88' lang='lat' dir='ltr'>pertinent</span> <span class='ocrx_word' id='word_1_139' title='bbox 720 2232 982 2305; x_wconf 87' lang='lat' dir='ltr'>conservandum,</span> <span class='ocrx_word' id='word_1_140' title='bbox 996 2232 1038 2292; x_wconf 88' lang='lat' dir='ltr'>ita</span> <span class='ocrx_word' id='word_1_141' title='bbox 1048 2234 1204 2307; x_wconf 89' lang='lat' dir='ltr'>quaedam</span> 
     </span>
     <span class='ocr_line' id='line_1_20' title="bbox 134 2334 1280 2412; baseline 0.002 -18"><span class='ocrx_word' id='word_1_142' title='bbox 134 2335 301 2412; x_wconf 84' lang='lat' dir='ltr'>flagitiosa,</span> <span class='ocrx_word' id='word_1_143' title='bbox 326 2350 406 2412; x_wconf 88' lang='lat' dir='ltr'>quae</span> <span class='ocrx_word' id='word_1_144' title='bbox 429 2336 617 2395; x_wconf 89' lang='lat' dir='ltr'>daemonum</span> <span class='ocrx_word' id='word_1_145' title='bbox 643 2336 793 2410; x_wconf 86' lang='lat' dir='ltr'>voluptati</span> <span class='ocrx_word' id='word_1_146' title='bbox 816 2342 890 2394; x_wconf 88' lang='lat' dir='ltr'>sunt</span> <span class='ocrx_word' id='word_1_147' title='bbox 912 2334 1069 2411; x_wconf 67' lang='lat' dir='ltr'>instituta,</span> <span class='ocrx_word' id='word_1_148' title='bbox 1094 2340 1124 2394; x_wconf 91' lang='lat' dir='ltr'>et</span> <span class='ocrx_word' id='word_1_149' title='bbox 1147 2335 1205 2396; x_wconf 93' lang='lat' dir='ltr'>illis</span> <span class='ocrx_word' id='word_1_150' title='bbox 1279 2366 1280 2370; x_wconf 58' lang='lat'><em>=</em></span> 
     </span>
     <span class='ocr_line' id='line_1_21' title="bbox 135 2434 1205 2511; baseline 0.001 -15"><span class='ocrx_word' id='word_1_151' title='bbox 135 2443 166 2496; x_wconf 92' lang='lat' dir='ltr'>et</span> <span class='ocrx_word' id='word_1_152' title='bbox 186 2437 278 2497; x_wconf 89' lang='lat' dir='ltr'>nobis</span> <span class='ocrx_word' id='word_1_153' title='bbox 303 2437 414 2504; x_wconf 84' lang='lat' dir='ltr'>statuit</span> <span class='ocrx_word' id='word_1_154' title='bbox 436 2435 620 2496; x_wconf 91' lang='lat' dir='ltr'>omnimodis</span> <span class='ocrx_word' id='word_1_155' title='bbox 644 2435 805 2511; x_wconf 83' lang='lat' dir='ltr'>fugienda:</span> <span class='ocrx_word' id='word_1_156' title='bbox 829 2434 980 2496; x_wconf 86' lang='lat' dir='ltr'>maleficia</span> <span class='ocrx_word' id='word_1_157' title='bbox 1001 2437 1146 2498; x_wconf 81' lang='lat' dir='ltr'>videlicet</span> <span class='ocrx_word' id='word_1_158' title='bbox 1169 2455 1205 2498; x_wconf 91' lang='lat' dir='ltr'>ac</span> 
     </span>
     <span class='ocr_line' id='line_1_22' title="bbox 138 2537 1206 2615; baseline 0.002 -17"><span class='ocrx_word' id='word_1_159' title='bbox 138 2540 309 2608; x_wconf 89' lang='lat' dir='ltr'>mendacia,</span> <span class='ocrx_word' id='word_1_160' title='bbox 331 2545 440 2614; x_wconf 87' lang='lat' dir='ltr'>stupra</span> <span class='ocrx_word' id='word_1_161' title='bbox 463 2545 494 2598; x_wconf 90' lang='lat' dir='ltr'>et</span> <span class='ocrx_word' id='word_1_162' title='bbox 516 2539 754 2615; x_wconf 89' lang='lat' dir='ltr'>superstitiosos</span> <span class='ocrx_word' id='word_1_163' title='bbox 771 2553 893 2598; x_wconf 91' lang='lat' dir='ltr'>errores</span> <span class='ocrx_word' id='word_1_164' title='bbox 916 2543 946 2596; x_wconf 91' lang='lat' dir='ltr'>et</span> <span class='ocrx_word' id='word_1_165' title='bbox 962 2537 1082 2598; x_wconf 84' lang='lat' dir='ltr'>similia</span> <span class='ocrx_word' id='word_1_166' title='bbox 1120 2539 1206 2600; x_wconf 88' lang='lat' dir='ltr'>llaec</span> 
     </span>
     <span class='ocr_line' id='line_1_23' title="bbox 136 2637 1203 2716; baseline -0.002 -16"><span class='ocrx_word' id='word_1_167' title='bbox 136 2657 204 2700; x_wconf 92' lang='lat' dir='ltr'>cum</span> <span class='ocrx_word' id='word_1_168' title='bbox 227 2641 270 2700; x_wconf 91' lang='lat' dir='ltr'>ita</span> <span class='ocrx_word' id='word_1_169' title='bbox 293 2642 356 2701; x_wconf 89' lang='lat' dir='ltr'>sint</span> <span class='ocrx_word' id='word_1_170' title='bbox 379 2637 550 2713; x_wconf 71' lang='lat' dir='ltr'>distinctad,</span> <span class='ocrx_word' id='word_1_171' title='bbox 574 2642 734 2712; x_wconf 87' lang='lat' dir='ltr'>sciendum</span> <span class='ocrx_word' id='word_1_172' title='bbox 758 2648 821 2711; x_wconf 92' lang='lat' dir='ltr'>est,</span> <span class='ocrx_word' id='word_1_173' title='bbox 846 2641 999 2716; x_wconf 90' lang='lat' dir='ltr'>quaedam</span> <span class='ocrx_word' id='word_1_174' title='bbox 1025 2656 1098 2702; x_wconf 89' lang='lat' dir='ltr'>esse</span> <span class='ocrx_word' id='word_1_175' title='bbox 1121 2643 1203 2703; x_wconf 89' lang='lat' dir='ltr'>omni</span> 
     </span>
     <span class='ocr_line' id='line_1_24' title="bbox 136 2742 1206 2820; baseline 0.003 -20"><span class='ocrx_word' id='word_1_176' title='bbox 136 2743 276 2816; x_wconf 82' lang='lat' dir='ltr'>religioni</span> <span class='ocrx_word' id='word_1_177' title='bbox 298 2743 487 2817; x_wconf 87' lang='lat' dir='ltr'>communia,</span> <span class='ocrx_word' id='word_1_178' title='bbox 510 2753 544 2802; x_wconf 89' lang='lat' dir='ltr'>ut</span> <span class='ocrx_word' id='word_1_179' title='bbox 567 2751 629 2804; x_wconf 91' lang='lat' dir='ltr'>est:</span> <span class='ocrx_word' id='word_1_180' title='bbox 653 2742 763 2820; x_wconf 83' lang='lat' dir='ltr'>„Quod</span> <span class='ocrx_word' id='word_1_181' title='bbox 791 2743 846 2801; x_wconf 74' lang='lat' dir='ltr'>tibi</span> <span class='ocrx_word' id='word_1_182' title='bbox 872 2759 933 2802; x_wconf 85' lang='lat' dir='ltr'>non</span> <span class='ocrx_word' id='word_1_183' title='bbox 960 2744 1004 2802; x_wconf 84' lang='lat' dir='ltr'>or&#39;s</span> <span class='ocrx_word' id='word_1_184' title='bbox 1027 2745 1108 2815; x_wconf 73' lang='lat' dir='ltr'>fieri,</span> <span class='ocrx_word' id='word_1_185' title='bbox 1131 2746 1206 2803; x_wconf 80' lang='lat' dir='ltr'>alit⁰</span> 
     </span>
     <span class='ocr_line' id='line_1_25' title="bbox 138 2844 1203 2922; baseline 0 -18"><span class='ocrx_word' id='word_1_186' title='bbox 138 2862 175 2906; x_wconf 87' lang='lat' dir='ltr'>ne</span> <span class='ocrx_word' id='word_1_187' title='bbox 194 2847 354 2917; x_wconf 84' lang='lat' dir='ltr'>feceris“¹‚</span> <span class='ocrx_word' id='word_1_188' title='bbox 377 2853 407 2905; x_wconf 89' lang='lat' dir='ltr'>et</span> <span class='ocrx_word' id='word_1_189' title='bbox 430 2846 580 2922; x_wconf 90' lang='lat' dir='ltr'>quicquid</span> <span class='ocrx_word' id='word_1_190' title='bbox 603 2862 643 2906; x_wconf 85' lang='lat' dir='ltr'>ex</span> <span class='ocrx_word' id='word_1_191' title='bbox 663 2846 797 2906; x_wconf 90' lang='lat' dir='ltr'>naturali</span> <span class='ocrx_word' id='word_1_192' title='bbox 821 2846 888 2919; x_wconf 83' lang='lat' dir='ltr'>lege</span> <span class='ocrx_word' id='word_1_193' title='bbox 905 2844 1018 2903; x_wconf 85' lang='lat' dir='ltr'>divinis</span> <span class='ocrx_word' id='word_1_194' title='bbox 1035 2861 1203 2920; x_wconf 82' lang='lat' dir='ltr'>congruum</span> 
     </span>
     <span class='ocr_line' id='line_1_26' title="bbox 137 2947 1279 3023; baseline 0.003 -18"><span class='ocrx_word' id='word_1_195' title='bbox 137 2947 293 3006; x_wconf 85' lang='lat' dir='ltr'>invenitur</span> <span class='ocrx_word' id='word_1_196' title='bbox 315 2948 478 3007; x_wconf 87' lang='lat' dir='ltr'>mandatis.</span> <span class='ocrx_word' id='word_1_197' title='bbox 515 2949 583 3009; x_wconf 91' lang='lat' dir='ltr'>Hoc</span> <span class='ocrx_word' id='word_1_198' title='bbox 598 2954 700 3007; x_wconf 88' lang='lat' dir='ltr'>tamen</span> <span class='ocrx_word' id='word_1_199' title='bbox 725 2949 755 3008; x_wconf 93' lang='lat' dir='ltr'>in</span> <span class='ocrx_word' id='word_1_200' title='bbox 778 2948 838 3006; x_wconf 91' lang='lat' dir='ltr'>illis</span> <span class='ocrx_word' id='word_1_201' title='bbox 854 2947 957 3017; x_wconf 89' lang='lat' dir='ltr'>distat,</span> <span class='ocrx_word' id='word_1_202' title='bbox 974 2948 1057 3022; x_wconf 88' lang='lat' dir='ltr'>quod</span> <span class='ocrx_word' id='word_1_203' title='bbox 1075 2947 1201 3023; x_wconf 87' lang='lat' dir='ltr'>quidam</span> <span class='ocrx_word' id='word_1_204' title='bbox 1275 2971 1279 2982; x_wconf 94' lang='lat'>·</span> 
     </span>
     <span class='ocr_line' id='line_1_27' title="bbox 76 3042 1205 3127; baseline 0.004 -21"><span class='ocrx_word' id='word_1_205' title='bbox 76 3091 80 3096; x_wconf 87' lang='lat'>.</span> <span class='ocrx_word' id='word_1_206' title='bbox 136 3042 203 3108; x_wconf 79' lang='lat' dir='ltr'>illaf</span> <span class='ocrx_word' id='word_1_207' title='bbox 227 3054 355 3124; x_wconf 91' lang='lat' dir='ltr'>propter</span> <span class='ocrx_word' id='word_1_208' title='bbox 383 3049 598 3123; x_wconf 87' lang='lat' dir='ltr'>honestatem,</span> <span class='ocrx_word' id='word_1_209' title='bbox 633 3057 666 3110; x_wconf 89' lang='lat' dir='ltr'>ut</span> <span class='ocrx_word' id='word_1_210' title='bbox 692 3048 887 3126; x_wconf 90' lang='lat' dir='ltr'>philosophi,</span> <span class='ocrx_word' id='word_1_211' title='bbox 923 3049 1067 3126; x_wconf 64' lang='lat' dir='ltr'>quidam,</span> <span class='ocrx_word' id='word_1_212' title='bbox 1077 3055 1205 3127; x_wconf 90' lang='lat' dir='ltr'>propter</span> 
     </span>
    </p>
   </div>
   <div class='ocr_carea' id='block_1_3' title="bbox 136 3204 1203 3366">
    <p class='ocr_par' dir='ltr' id='par_1_3' title="bbox 136 3204 1203 3366">
     <span class='ocr_line' id='line_1_28' title="bbox 203 3204 1203 3283; baseline 0.001 -16"><span class='ocrx_word' id='word_1_213' title='bbox 203 3216 271 3280; x_wconf 74' lang='lat' dir='ltr'>³oe‚</span> <span class='ocrx_word' id='word_1_214' title='bbox 290 3218 351 3283; x_wconf 89' lang='lat' dir='ltr'>quia</span> <span class='ocrx_word' id='word_1_215' title='bbox 368 3232 437 3271; x_wconf 87' lang='lat' dir='ltr'>vero.</span> <span class='ocrx_word' id='word_1_216' title='bbox 457 3246 489 3255; x_wconf 97' lang='lat'>-</span> <span class='ocrx_word' id='word_1_217' title='bbox 508 3204 522 3243; x_wconf 85' lang='lat' dir='ltr'>b</span> <span class='ocrx_word' id='word_1_218' title='bbox 541 3233 574 3279; x_wconf 85' lang='lat' dir='ltr'>m,</span> <span class='ocrx_word' id='word_1_219' title='bbox 594 3217 732 3282; x_wconf 86' lang='lat' dir='ltr'>sequentis.</span> <span class='ocrx_word' id='word_1_220' title='bbox 752 3245 783 3253; x_wconf 96' lang='lat'>—</span> <span class='ocrx_word' id='word_1_221' title='bbox 803 3215 817 3268; x_wconf 79' lang='lat'>⁰.</span> <span class='ocrx_word' id='word_1_222' title='bbox 833 3232 870 3278; x_wconf 85' lang='lat' dir='ltr'>oe,</span> <span class='ocrx_word' id='word_1_223' title='bbox 889 3215 1019 3280; x_wconf 88' lang='lat' dir='ltr'>voluptate</span> <span class='ocrx_word' id='word_1_224' title='bbox 1032 3216 1152 3268; x_wconf 86' lang='lat' dir='ltr'>instituta.</span> <span class='ocrx_word' id='word_1_225' title='bbox 1172 3245 1203 3254; x_wconf 85' lang='lat'><em>-</em></span> 
     </span>
     <span class='ocr_line' id='line_1_29' title="bbox 136 3289 779 3366; baseline 0.002 -14"><span class='ocrx_word' id='word_1_226' title='bbox 136 3289 204 3366; x_wconf 81' lang='lat' dir='ltr'>doe,</span> <span class='ocrx_word' id='word_1_227' title='bbox 221 3302 296 3354; x_wconf 84' lang='lat' dir='ltr'>dicta.</span> <span class='ocrx_word' id='word_1_228' title='bbox 315 3331 346 3340; x_wconf 91' lang='lat'><em>-</em></span> <span class='ocrx_word' id='word_1_229' title='bbox 366 3301 377 3330; x_wconf 78' lang='lat'><strong>⁰</strong></span> <span class='ocrx_word' id='word_1_230' title='bbox 395 3302 420 3352; x_wconf 88' lang='lat' dir='ltr'><em>M</em></span> <span class='ocrx_word' id='word_1_231' title='bbox 426 3306 442 3366; x_wconf 87' lang='lat'>1,</span> <span class='ocrx_word' id='word_1_232' title='bbox 461 3303 519 3356; x_wconf 90' lang='lat' dir='ltr'>alio.</span> <span class='ocrx_word' id='word_1_233' title='bbox 539 3333 569 3340; x_wconf 95' lang='lat'><strong>—</strong></span> <span class='ocrx_word' id='word_1_234' title='bbox 588 3289 599 3330; x_wconf 75' lang='lat' dir='ltr'>f</span> <span class='ocrx_word' id='word_1_235' title='bbox 615 3303 640 3353; x_wconf 91' lang='grc' dir='ltr'><strong>Μ</strong></span> <span class='ocrx_word' id='word_1_236' title='bbox 646 3307 662 3364; x_wconf 87' lang='lat'>1,</span> <span class='ocrx_word' id='word_1_237' title='bbox 680 3302 707 3353; x_wconf 91' lang='lat' dir='ltr'>in</span> <span class='ocrx_word' id='word_1_238' title='bbox 726 3302 779 3353; x_wconf 89' lang='lat' dir='ltr'>illa.</span> 
     </span>
    </p>
   </div>
   <div class='ocr_carea' id='block_1_4' title="bbox 144 3407 1203 3417">
    <p class='ocr_par' dir='ltr' id='par_1_4' title="bbox 144 3407 1203 3417">
     <span class='ocr_line' id='line_1_30' title="bbox 144 3407 1203 3417; baseline -0.002 0"><span class='ocrx_word' id='word_1_239' title='bbox 144 3407 899 3417; x_wconf 65' lang='lat'>——-——-—--———.-.——-————-———-———</span> <span class='ocrx_word' id='word_1_240' title='bbox 928 3407 971 3413; x_wconf 91' lang='lat'>——-</span> <span class='ocrx_word' id='word_1_241' title='bbox 988 3408 1070 3413; x_wconf 93' lang='lat'>—--</span> <span class='ocrx_word' id='word_1_242' title='bbox 1079 3407 1203 3413; x_wconf 77' lang='lat'><strong>———-</strong></span> 
     </span>
    </p>
   </div>
   <div class='ocr_carea' id='block_1_5' title="bbox 136 3453 1204 3944">
    <p class='ocr_par' dir='ltr' id='par_1_5' title="bbox 136 3453 1204 3944">
     <span class='ocr_line' id='line_1_31' title="bbox 173 3453 1203 3521; baseline -0.003 -15"><span class='ocrx_word' id='word_1_243' title='bbox 173 3469 175 3472; x_wconf 85' lang='lat'>·</span> <span class='ocrx_word' id='word_1_244' title='bbox 206 3460 214 3494; x_wconf 91' lang='lat'><strong>¹</strong></span> <span class='ocrx_word' id='word_1_245' title='bbox 232 3456 297 3507; x_wconf 90' lang='lat' dir='ltr'>Tob.</span> <span class='ocrx_word' id='word_1_246' title='bbox 306 3455 349 3519; x_wconf 90' lang='lat' dir='ltr'>lV,</span> <span class='ocrx_word' id='word_1_247' title='bbox 361 3457 400 3507; x_wconf 91' lang='grc'>16.</span> <span class='ocrx_word' id='word_1_248' title='bbox 418 3455 507 3510; x_wconf 89' lang='lat' dir='ltr'>Matth.</span> <span class='ocrx_word' id='word_1_249' title='bbox 518 3456 572 3507; x_wconf 90' lang='lat' dir='ltr'>Vll.</span> <span class='ocrx_word' id='word_1_250' title='bbox 584 3459 624 3508; x_wconf 82' lang='lat'>12.</span> <span class='ocrx_word' id='word_1_251' title='bbox 637 3457 698 3507; x_wconf 88' lang='lat' dir='ltr'>Luc.</span> <span class='ocrx_word' id='word_1_252' title='bbox 709 3455 752 3518; x_wconf 86' lang='lat' dir='ltr'>Vl,</span> <span class='ocrx_word' id='word_1_253' title='bbox 762 3457 802 3507; x_wconf 89' lang='lat'>31.</span> <span class='ocrx_word' id='word_1_254' title='bbox 832 3453 1002 3521; x_wconf 72' lang='lat' dir='ltr'>lampridius</span> <span class='ocrx_word' id='word_1_255' title='bbox 1013 3453 1044 3504; x_wconf 91' lang='lat' dir='ltr'>de</span> <span class='ocrx_word' id='word_1_256' title='bbox 1054 3453 1203 3504; x_wconf 84' lang='lat' dir='ltr'>Alexandro</span> 
     </span>
     <span class='ocr_line' id='line_1_32' title="bbox 138 3537 1204 3606; baseline -0.002 -16"><span class='ocrx_word' id='word_1_257' title='bbox 138 3538 228 3592; x_wconf 89' lang='lat' dir='ltr'>Severo</span> <span class='ocrx_word' id='word_1_258' title='bbox 248 3541 322 3592; x_wconf 87' lang='lat' dir='ltr'>relert</span> <span class='ocrx_word' id='word_1_259' title='bbox 339 3555 378 3606; x_wconf 87' lang='lat' dir='ltr'>cp.</span> <span class='ocrx_word' id='word_1_260' title='bbox 391 3544 438 3594; x_wconf 79' lang='lat'>51:</span> <span class='ocrx_word' id='word_1_261' title='bbox 458 3541 601 3605; x_wconf 84' lang='lat' dir='ltr'>„clamabat</span> <span class='ocrx_word' id='word_1_262' title='bbox 613 3543 724 3606; x_wconf 88' lang='lat' dir='ltr'>saepius,</span> <span class='ocrx_word' id='word_1_263' title='bbox 743 3539 814 3606; x_wconf 90' lang='lat' dir='ltr'>quod</span> <span class='ocrx_word' id='word_1_264' title='bbox 831 3555 846 3589; x_wconf 88' lang='lat' dir='ltr'>a</span> <span class='ocrx_word' id='word_1_265' title='bbox 865 3538 1019 3604; x_wconf 90' lang='lat' dir='ltr'>quibusdam</span> <span class='ocrx_word' id='word_1_266' title='bbox 1038 3540 1092 3590; x_wconf 91' lang='lat' dir='ltr'>sive</span> <span class='ocrx_word' id='word_1_267' title='bbox 1104 3537 1204 3589; x_wconf 88' lang='lat' dir='ltr'>ludaeis</span> 
     </span>
     <span class='ocr_line' id='line_1_33' title="bbox 139 3623 1203 3691; baseline 0 -17"><span class='ocrx_word' id='word_1_268' title='bbox 139 3627 188 3677; x_wconf 87' lang='lat' dir='ltr'>sive</span> <span class='ocrx_word' id='word_1_269' title='bbox 207 3625 358 3677; x_wconf 89' lang='lat' dir='ltr'>Christianis</span> <span class='ocrx_word' id='word_1_270' title='bbox 376 3627 491 3679; x_wconf 88' lang='lat' dir='ltr'>audierat</span> <span class='ocrx_word' id='word_1_271' title='bbox 508 3632 532 3678; x_wconf 91' lang='lat' dir='ltr'>et</span> <span class='ocrx_word' id='word_1_272' title='bbox 548 3625 657 3688; x_wconf 88' lang='lat' dir='ltr'>tenebat,</span> <span class='ocrx_word' id='word_1_273' title='bbox 676 3625 753 3691; x_wconf 90' lang='lat' dir='ltr'>idque</span> <span class='ocrx_word' id='word_1_274' title='bbox 769 3641 815 3690; x_wconf 89' lang='lat' dir='ltr'>per</span> <span class='ocrx_word' id='word_1_275' title='bbox 831 3638 996 3689; x_wconf 86' lang='lat' dir='ltr'>praeconem,</span> <span class='ocrx_word' id='word_1_276' title='bbox 1012 3638 1071 3673; x_wconf 89' lang='lat' dir='ltr'>cum</span> <span class='ocrx_word' id='word_1_277' title='bbox 1090 3623 1203 3688; x_wconf 89' lang='lat' dir='ltr'>aliquem</span> 
     </span>
     <span class='ocr_line' id='line_1_34' title="bbox 138 3707 1202 3777; baseline -0.002 -18"><span class='ocrx_word' id='word_1_278' title='bbox 138 3711 289 3775; x_wconf 88' lang='lat' dir='ltr'>emendaret,</span> <span class='ocrx_word' id='word_1_279' title='bbox 308 3712 359 3762; x_wconf 87' lang='lat' dir='ltr'>dici</span> <span class='ocrx_word' id='word_1_280' title='bbox 376 3711 479 3764; x_wconf 86' lang='lat' dir='ltr'>iubebat</span> <span class='ocrx_word' id='word_1_281' title='bbox 497 3711 575 3777; x_wconf 91' lang='lat' dir='ltr'>‚quod</span> <span class='ocrx_word' id='word_1_282' title='bbox 592 3711 638 3762; x_wconf 87' lang='lat' dir='ltr'>libi</span> <span class='ocrx_word' id='word_1_283' title='bbox 656 3711 710 3762; x_wconf 84' lang='lat' dir='ltr'>fieri</span> <span class='ocrx_word' id='word_1_284' title='bbox 722 3726 773 3761; x_wconf 89' lang='lat' dir='ltr'>non</span> <span class='ocrx_word' id='word_1_285' title='bbox 785 3712 835 3771; x_wconf 87' lang='lat' dir='ltr'>vis,</span> <span class='ocrx_word' id='word_1_286' title='bbox 853 3709 925 3761; x_wconf 87' lang='lat' dir='ltr'>alteri</span> <span class='ocrx_word' id='word_1_287' title='bbox 941 3725 973 3760; x_wconf 89' lang='lat' dir='ltr'>ne</span> <span class='ocrx_word' id='word_1_288' title='bbox 988 3708 1092 3758; x_wconf 86' lang='lat' dir='ltr'>leceris‘.</span> <span class='ocrx_word' id='word_1_289' title='bbox 1121 3707 1202 3770; x_wconf 80' lang='lat' dir='ltr'>Quam</span> 
     </span>
     <span class='ocr_line' id='line_1_35' title="bbox 137 3792 1203 3862; baseline -0.002 -16"><span class='ocrx_word' id='word_1_290' title='bbox 137 3796 285 3846; x_wconf 88' lang='lat' dir='ltr'>sententiam</span> <span class='ocrx_word' id='word_1_291' title='bbox 307 3811 389 3862; x_wconf 90' lang='lat' dir='ltr'>usque</span> <span class='ocrx_word' id='word_1_292' title='bbox 408 3796 472 3847; x_wconf 88' lang='lat' dir='ltr'>adeo</span> <span class='ocrx_word' id='word_1_293' title='bbox 491 3793 588 3857; x_wconf 84' lang='lat' dir='ltr'>dilexit,</span> <span class='ocrx_word' id='word_1_294' title='bbox 609 3799 638 3846; x_wconf 89' lang='lat' dir='ltr'>ut</span> <span class='ocrx_word' id='word_1_295' title='bbox 659 3800 683 3846; x_wconf 86' lang='lat' dir='ltr'>et</span> <span class='ocrx_word' id='word_1_296' title='bbox 704 3797 731 3846; x_wconf 88' lang='lat' dir='ltr'>in</span> <span class='ocrx_word' id='word_1_297' title='bbox 754 3794 847 3860; x_wconf 87' lang='lat' dir='ltr'>palatio</span> <span class='ocrx_word' id='word_1_298' title='bbox 865 3800 889 3846; x_wconf 88' lang='lat' dir='ltr'>et</span> <span class='ocrx_word' id='word_1_299' title='bbox 911 3796 937 3845; x_wconf 95' lang='lat' dir='ltr'>in</span> <span class='ocrx_word' id='word_1_300' title='bbox 955 3792 1064 3858; x_wconf 89' lang='lat' dir='ltr'>publicis</span> <span class='ocrx_word' id='word_1_301' title='bbox 1083 3793 1203 3858; x_wconf 89' lang='lat' dir='ltr'>operibus</span> 
     </span>
     <span class='ocr_line' id='line_1_36' title="bbox 136 3880 396 3944; baseline -0.004 -13"><span class='ocrx_word' id='word_1_302' title='bbox 136 3880 256 3944; x_wconf 87' lang='lat' dir='ltr'>perscribi</span> <span class='ocrx_word' id='word_1_303' title='bbox 273 3880 396 3932; x_wconf 87' lang='lat' dir='ltr'>iuberet.“</span> 
     </span>
    </p>
   </div>
   <div class='ocr_carea' id='block_1_6' title="bbox 0 0 1452 4828">
    <p class='ocr_par' dir='ltr' id='par_1_6' title="bbox 0 0 1452 4828">
     <span class='ocr_line' id='line_1_37' title="bbox 0 0 1452 4828; baseline 0 0"><span class='ocrx_word' id='word_1_304' title='bbox 0 0 1452 4828; x_wconf 95' lang='lat' dir='ltr'> </span> 
     </span>
    </p>
   </div>
  </div>
 </body>
</html>
