2956 4766
664 377 873 439 „75-

236 548 372 607 Iustinae
395 553 547 621 augustae
568 563 673 607 rerum
696 549 834 608 novitate
856 551 970 609 lenivit.
1015 550 1081 624 Quo
1103 551 1133 609 in
1159 554 1308 624 tempora·

236 651 317 710 sicut
340 651 432 708 etiarn
455 650 485 708 in
508 651 574 708 vita
601 650 700 725 ipsius
723 646 881 712 Ambrosii
908 652 1053 712 scribitur
1068 653 1085 722 ¹,
1107 647 1304 726 antiphonae,

235 751 321 827 ymni
338 758 369 810 ct
387 749 512 824 vigiliae
527 751 556 809 ln
574 752 709 811 ecclesia
720 752 946 813 mediolanensi
959 753 1110 813 celebravi
1127 757 1306 828 coeperunt.

236 851 370 911 Hilarius
393 869 518 928 quoque
542 853 744 928 pictaviensis
767 870 881 930 ymnos
910 856 1103 932 composuit²
1126 862 1158 915 et
1184 854 1223 913 de
1247 853 1306 914 Ge-

235 954 313 1014 lasio
343 969 428 1030 papa
455 954 613 1034 scribitur,
643 957 727 1030 quod
757 963 908 1019 tractatus
932 965 963 1018 et
985 973 1098 1034 ymnos
1127 957 1156 1016 in
1187 973 1306 1016 morem

235 1057 319 1117 beati
346 1057 505 1118 Ambrosii
537 1059 787 1134 composuerit³;
826 1059 982 1119 Damasus
1014 1075 1090 1120 vero
1122 1057 1308 1131 constituitl

234 1167 268 1219 ut
290 1160 403 1237 psalmi
426 1159 475 1219 die
499 1165 655 1235 noctuque
680 1167 867 1220 canerentur
889 1178 944 1237 per
965 1177 1073 1222 omnes
1088 1161 1241 1220 ecclesias
1257 1161 1307 1219 vel

235 1261 425 1322 monasteria
444 1329 448 1338 ,
465 1267 495 1322 et
538 1262 697 1340 praecepit
733 1261 794 1322 hoo
833 1264 991 1340 episeopis
1027 1269 1057 1324 et
1102 1261 1307 1340 presbyteris.

234 1362 353 1423 Deinde
386 1364 520 1422 loannes
559 1363 918 1443 constantinopolitanus
962 1365 1103 1441 primus⁵
1144 1364 1232 1422 duxit
1275 1364 1304 1422 in

236 1465 391 1525 nocturnis
419 1465 523 1540 ymnis
554 1467 709 1527 oratIones
740 1468 781 1526 ob
809 1465 892 1526 hanc
921 1469 970 1525 vel
1000 1467 1136 1526 maxime
1160 1480 1305 1524 oausam:

236 1567 371 1640 „Arium
393 1572 489 1626 extra
513 1569 668 1630 civitatem
691 1574 839 1631 collectos
863 1571 1019 1643 agebam
1045 1567 1175 1628 sabbato
1204 1573 1307 1627 autem

235 1675 329 1742 atque
351 1669 506 1730 domtnc'ca
536 1671 619 1730 latro
645 1678 760 1746 portos
791 1676 822 1730 et
844 1680 930 1747 pera
953 1673 1100 1747 porticus
1123 1671 1309 1743 congregati

235 1787 342 1846 ymnos
364 1771 606 1847 etclttlplronos
629 1789 669 1832 ex
692 1774 804 1832 artano
822 1774 967 1847 dopmotc
983 1773 1169 1848 compositos
1190 1771 1309 1830 decon-

307 1968 374 2032 ειοε,
392 1987 443 2022 om.
462 1986 514 2035 per.
533 1970 629 2022 Socral.
653 1971 711 2023 hist.
729 1970 791 2022 eccl.
810 1970 826 2023 l.
845 1971 892 2034 Vl,
910 1986 931 2022 o.
951 1973 966 2024 8
991 1969 1052 2039 περὶ
1075 1969 1123 2027 τὰς
1146 1971 1238 2036 στοὰς
1261 1969 1303 2021 lat.

237 2055 304 2106 circa
321 2057 441 2119 porIIcus.

308 2246 318 2281 ¹
339 2243 395 2293 Vita
417 2259 437 2293 s.
456 2244 588 2295 Ambrosii
610 2249 710 2296 auctore
732 2242 842 2295 Paulino
865 2242 1003 2294 mediolan.
1026 2244 1173 2311 presbytero
1196 2245 1228 2306 (c.
1247 2244 1308 2306 422)

237 2327 263 2376 in
291 2343 349 2392 opp.
369 2328 437 2377 A-i
463 2329 529 2380 stud.
558 2335 582 2380 et
607 2328 657 2380 lab.
686 2328 805 2380 monach.
832 2329 886 2381 ord.
914 2345 934 2380 s.
961 2327 1056 2379 Bened.
1083 2327 1155 2377 Paris
1174 2328 1248 2380 1686.
1275 2353 1308 2363 -

238 2409 363 2462 ²Concil.
386 2411 489 2462 toletan.
516 2412 560 2464 IV.
583 2428 650 2464 anno
669 2415 732 2473 633,
759 2429 780 2464 c.
798 2413 851 2463 XIII
871 2413 963 2476 (Mansi
986 2416 1003 2463 l.
1027 2412 1061 2479 X)
1086 2411 1160 2462 dicit:
1193 2409 1309 2472 „nonulli

237 2494 330 2562 hymni
348 2495 464 2548 humano
482 2498 566 2548 studio
585 2500 612 2548 in
629 2497 734 2549 laudem
752 2504 776 2549 et
786 2498 962 2563 apostolorum
974 2502 998 2548 et
1010 2501 1153 2564 martyrum
1164 2495 1309 2561 irtumphos

236 2581 371 2645 compositi
394 2597 450 2632 esse
472 2588 626 2643 noscuntur,
649 2585 714 2634 slent
736 2582 778 2644 hi,
802 2597 868 2646 quos
896 2581 1037 2634 bealIssimi
1055 2581 1170 2632 doctores
1187 2579 1310 2634 Hilarius

237 2669 312 2729 atque
330 2665 487 2718 Ambrosius
499 2667 660 2720 ediderunt.“
691 2667 740 2719 Clr.
762 2667 922 2728 Germanias}
936 2665 965 2716 G.
978 2665 1015 2729 F„
1034 2665 1043 2715 l
1061 2667 1157 2716 misteri
1175 2682 1188 2717 e
1206 2664 1242 2730 gl’
1254 2666 1311 2716 inni

237 2748 263 2799 di
284 2747 310 2800 S.
329 2748 404 2810 llario
422 2766 533 2802 vescovo
552 2751 579 2802 di
597 2751 705 2802 Pollicrs
717 2758 763 2802 etc.
791 2750 865 2801 Studl
878 2767 892 2801 e
904 2750 1051 2802 documenti
1063 2752 1089 2800 di
1102 2751 1178 2801 storia
1190 2767 1203 2801 e
1215 2750 1310 2802 diritto.

236 2849 304 2885 anno
325 2833 357 2887 V.
377 2835 450 2897 1884,
471 2850 496 2899 p.
518 2837 547 2889 81
560 2851 615 2902 sqq.
653 2837 740 2895 Idem,
760 2833 795 2886 St
817 2835 909 2885 Hilarii
933 2840 1052 2886 tractatus
1076 2835 1108 2886 de
1132 2835 1263 2902 mysteriis
1286 2838 1311 2886 ct

236 2919 335 2987 Hymni
345 2925 391 2973 etc.
401 2936 433 2971 ex
445 2920 531 2972 codice
544 2922 662 2972 arretino.
681 2921 779 2970 Romae
790 2921 863 2972 1887.
882 2949 916 2958 -
930 2923 941 2959 ³
953 2919 1070 2972 Gelasius
1082 2919 1225 2973 aaa-496.
1246 2918 1311 2980 „Hic

235 3005 294 3055 iecit
305 3005 338 3055 V.
352 3005 431 3057 libros
443 3006 567 3058 adversus
580 3005 725 3057 Nestorium
740 3011 765 3056 et
777 3002 934 3070 Eutychem;
947 3005 1006 3056 lecit
1019 3011 1043 3057 ct
1054 3021 1148 3074 ymnos
1161 3006 1188 3055 ln
1201 3004 1310 3054 modurn

236 3090 303 3141 beati
321 3091 467 3153 Ambrosii;
488 3092 547 3142 item
565 3091 631 3142 duos
649 3091 729 3163 libros
742 3089 869 3141 adversus
880 3089 1001 3152 Arrium
1019 3091 1078 3142 secil
1095 3091 1172 3142 etlam
1190 3094 1215 3139 et
1226 3103 1310 3140 saera-

237 3180 381 3226 mentorum
400 3175 569 3240 praelationes
588 3181 612 3226 et
630 3177 756 3227 orationes
777 3179 850 3225 cauto
869 3189 986 3226 sermone
1004 3180 1028 3226 et
1045 3175 1169 3240 eplslulas
1188 3173 1249 3224 lldei
1265 3173 1311 3244 de-

236 3257 325 3310 Ilmato
344 3275 461 3310 sermone
480 3259 597 3311 multas.“
634 3260 716 3312 Duch.
735 3260 753 3322 I,
772 3276 797 3325 p.
817 3262 876 3311 255.
921 3258 1187 3312 Pseudo-Gennadius
1206 3257 1312 3309 exhibet

236 3342 303 3393 hanc
323 3345 438 3394 notitiam
462 3345 493 3395 de
512 3344 626 3396 Gelasio:
656 3345 802 3407 „Gelasius,
829 3344 901 3396 urhis
923 3345 1020 3396 Romae
1042 3347 1187 3410 episcopua,
1210 3343 1312 3408 scripsit

235 3426 361 3478 adversus
378 3427 494 3495 Eulysen
513 3434 537 3479 et
555 3429 701 3482 NestorIum
719 3429 817 3495 grande
835 3434 859 3480 et
876 3429 1036 3494 praeclarum
1055 3430 1178 3480 volumen
1201 3431 1227 3478 et
1245 3432 1311 3477 trac-

235 3518 301 3563 latus
321 3513 481 3564 diversarum
505 3514 688 3566 scribturarum
711 3519 735 3566 et
758 3519 974 3565 sacramentorum
993 3513 1115 3564 delimato
1133 3526 1251 3562 sermone
1264 3549 1269 3561 .
1284 3548 1310 3562 ..

235 3598 295 3648 lecit
312 3602 336 3648 et
354 3597 468 3666 hymnos
487 3599 515 3648 ln
533 3598 728 3650 similitudinem
738 3599 871 3650 Ambrosii
889 3600 1026 3664 episcopi.“
1063 3595 1194 3658 arestein,
1213 3595 1254 3647 Fr.
1266 3595 1310 3660 A„

236 3681 403 3744 Quaestiones
422 3682 612 3734 Gennadianae.
642 3683 747 3748 Leipzig
767 3684 840 3738 1881.
860 3713 891 3724 -
912 3690 922 3724 ⁴
940 3684 1067 3735 Damasus
1086 3681 1228 3734 366-384.
1249 3680 1312 3742 „llic

236 3769 373 3832 constituit,
393 3774 420 3818 ut
438 3768 553 3834 psalmos
572 3768 613 3820 die
630 3773 758 3834 noctuque
776 3774 927 3820 canerentur
944 3786 989 3836 per
1006 3784 1096 3820 omnes
1114 3765 1246 3826 ecclesias;
1265 3751 1312 3830 qui

236 3848 286 3901 hoc
306 3855 433 3919 praecepit
450 3853 596 3918 presbiteris
615 3852 657 3905 vel
675 3853 801 3918 episcopis
813 3857 856 3903 aut
868 3855 1053 3906 monasteriis.‘⁴
1084 3850 1164 3902 Duch.
1176 3849 1193 3913 I,
1206 3851 1263 3902 213.
1277 3877 1310 3886 -

237 3936 282 3987 5i.
301 3952 322 3987 e.
341 3934 552 4005 chrysostomus.
