2956 4766
660 381 872 440 „52-

231 556 338 615 vivere
355 569 418 612 non
440 566 620 629 possumus
644 550 774 624 iugitera
796 549 970 610 ambiamus
987 555 1017 608 et
1038 549 1195 609 desiderio
1217 548 1299 608 illius

230 657 370 717 tuitionis
406 655 510 730 potius
547 668 641 728 quam
681 652 958 728 praesumptione1
995 656 1120 711 nostrae
1158 649 1300 726 puritatis

231 773 393 817 sumamus
421 756 579 816 imitantes
607 754 782 830 primitivae
812 755 961 813 ecciesiae
990 753 1126 812 studium
1154 753 1300 824 salutare,

231 858 271 916 de
300 875 361 934 quo
392 858 421 916 in
451 857 570 917 astibus
601 856 815 932 apostolorum
846 857 888 914 ita
916 856 1065 930 seriptum
1099 862 1159 914 est:
1193 863 1302 926 „eraut

232 965 333 1019 eutem
351 967 592 1035 perseverantes
618 961 649 1017 in
673 959 818 1019 doctrina
848 962 1058 1033 apostotorum
1080 964 1111 1016 et
1134 956 1303 1016 eommuni-

233 1064 356 1122 catione
374 1063 544 1135 sroetionis
561 1062 657 1136 ponis
680 1067 711 1117 et
733 1061 980 1131 orationibus“²;
1002 1065 1033 1117 et
1055 1058 1145 1118 infra:
1171 1058 1303 1127 ‚eetidie

233 1179 355 1239 quoque
379 1164 591 1238 perdurantes
624 1165 813 1221 unammiter
847 1165 877 1221 in
913 1162 1024 1236 templo
1058 1165 1090 1217 et
1117 1159 1304 1231 franoerttes

232 1267 322 1324 eirea
349 1266 455 1325 domos
476 1280 602 1338 punem,
627 1264 801 1323 'sumebant
828 1265 929 1323 eibum
957 1279 1025 1322 eum
1053 1262 1243 1320 exultatione
1274 1267 1306 1318 et

231 1368 431 1441 simplicitate
459 1368 573 1440 cordis,
603 1365 766 1425 laudantes
789 1366 941 1436 Deum“3,·
975 1369 1007 1422 et
1033 1363 1158 1421 iterum:
1195 1361 1307 1435 „Omni

234 1474 337 1527 eutem
360 1469 409 1526 die
432 1469 462 1526 in
486 1468 598 1542 templo
623 1474 652 1524 et
675 1469 764 1525 eirea
780 1468 885 1526 domos
900 1482 960 1526 nort
981 1466 1146 1525 cessabant
1159 1465 1307 1523 docentes

234 1576 264 1629 et
286 1571 535 1642 eoonoelizaotes
551 1569 703 1627 Christum
718 1567 872 1626 Jesom.“⁴
904 1568 983 1628 Nota
1005 1567 1089 1642 quod
1114 1565 1195 1639 dieii,
1217 1566 1306 1639 prius

234 1686 289 1729 eos
312 1669 443 1745 fregisse
467 1686 579 1746 panem
603 1685 640 1728 ae
663 1669 773 1728 deinde
797 1667 899 1728 eibum
923 1669 1108 1744 sumpsisse.

668 1890 871 1898 —--—-

719 2077 822 2147 XXII.
847 2113 849 2116 ·

241 2247 357 2317 Utrum
387 2250 489 2317 semel
512 2251 565 2318 oei
591 2251 728 2338 saepius
759 2249 794 2315 io
827 2247 882 2316 die
908 2245 1040 2336 offerre
1071 2247 1249 2315 conveniet
1274 2251 1310 2314 et

641 2367 895 2434 communicare.

301 2567 476 2626 Diversitas
492 2573 596 2624 auteur
612 2568 768 2639 quaedam
791 2569 870 2626 inter
886 2567 1069 2627 sacerdotes
1086 2566 1199 2626 oboriri
1217 2567 1310 2638 solet,

237 2665 329 2743 quieb
352 2675 400 2727 est
421 2667 501 2738 talis,
525 2667 578 2740 qui
602 2669 699 2726 semel
722 2675 841 2727 tantum
871 2670 900 2727 in
925 2669 974 2727 die
998 2670 1127 2728 missam
1150 2666 1311 2727 celebrare

239 2771 316 2828 velit
345 2770 487 2829 nimirum
517 2769 662 2842 eredens,
692 2769 774 2829 idem
803 2772 985 2848 mysterium
1013 2770 1171 2846 passionis
1194 2768 1310 2830 Christi

240 2877 422 2932 cunctarum
445 2871 667 2952 necessitatum
685 2887 757 2932 esse
773 2875 918 2946 generale
934 2873 1118 2941 subsidium,
1135 2873 1209 2946 quia
1225 2884 1312 2929 unus

240 2975 293 3050 qui
316 2975 489 3034 dominator
512 2981 542 3033 et
563 2974 659 3032 iudex
681 2982 730 3032 est
751 2975 895 3033 vivorum
920 2991 958 3034 ae
980 2981 1181 3045 mortuorum,
1212 2974 1313 3032 semel

241 3092 297 3152 pro
320 3076 457 3152 peccatis
475 3077 589 3135 nostris
606 3083 748 3135 mortuus
766 3085 814 3136 est
837 3078 1059 3137 admitterem
1076 3076 1313 3135 exhaurienda⁰

238 3183 402 3254 peeeeto.⁵
423 3178 513 3237 Alius
529 3194 604 3237 vero
620 3177 678 3250 bis,
693 3179 802 3236 terrei
819 3179 1017 3252 quotieslibet
1032 3179 1143 3238 eadem
1160 3176 1313 3253 mysteria

241 3279 336 3337 indie
359 3281 470 3338 iterare
486 3295 659 3354 congruum
684 3287 773 3353 putat
792 3279 932 3352 eredens
955 3286 1043 3341 tanto
1060 3281 1194 3357 amplius
1209 3279 1311 3338 Deum
1348 3309 1351 3314 ·

242 3381 281 3440 ad
304 3380 547 3441 misericordiam
562 3380 652 3453 flesti,
676 3387 793 3456 quanto
812 3380 950 3441 erebrius
971 3381 1078 3456 passio
1096 3380 1208 3441 Christi
1225 3395 1313 3440 eom-

243 3491 447 3557 memoratum
475 3490 506 3541 et
534 3486 665 3544 tortasse
695 3483 955 3542 consuetudinem
983 3498 1073 3542 suam
1102 3483 1173 3542 inde
1201 3482 1313 3543 confir-

311 3650 324 3676 ·'²
341 3664 361 3712 e,
379 3651 503 3712 gnaviter.
522 3679 554 3686 —
576 3637 589 3677 b
608 3665 629 3711 e,
647 3664 722 3715 quae.
741 3677 773 3686 -—
792 3649 803 3677 ⁰
821 3649 854 3710 M,
873 3649 1029 3701 evacuanda.

314 3803 406 3853 1Hine
425 3803 506 3868 pergit
518 3802 630 3853 coibit.
649 3831 681 3840 -
702 3805 713 3839 ²
731 3804 788 3854 Aet.
807 3801 835 3863 Π,
854 3804 894 3853 42.
912 3831 946 3838 -
964 3806 975 3840 ³
993 3804 1050 3852 Aet.
1068 3801 1096 3862 ΙΙ,
1115 3804 1156 3855 46.
1176 3830 1207 3839 -
1226 3806 1237 3839 ⁴
1255 3804 1314 3852 Aet.

242 3885 275 3948 V,
293 3890 334 3939 42.
353 3916 387 3924 —
406 3886 510 3937 ⁵Heb1·.
529 3884 570 3947 IX,
589 3889 629 3939 28.
