2896 4828
569 415 780 494 437..

633 692 709 761 XV.

434 863 486 931 De
512 860 730 932 oblationibus
756 865 909 929 ueterum.

204 1064 290 1122 Haec
312 1064 351 1123 de
376 1079 536 1123 sacrorum
560 1063 682 1124 l'abricIs
706 1069 736 1122 et
763 1063 874 1122 usibus
898 1063 1037 1123 locorum
1066 1080 1123 1122 nos
1152 1081 1208 1140 pro

141 1165 266 1226 modulo
279 1166 433 1225 tarditatis
446 1171 476 1225 et
488 1167 634 1241 ignaviae
647 1170 774 1226 nostrae
788 1179 1051 1226 commemorasse
1062 1165 1208 1240 sufficiat3

140 1283 222 1326 nunc
250 1268 287 1326 de
317 1268 476 1327 sacrificiis
505 1274 534 1326 et
562 1266 786 1336 oblationibus,
816 1282 896 1343 quae
924 1267 953 1325 in
986 1267 1031 1326 eis
1059 1267 1124 1328 Deo
1155 1285 1209 1329 ex-

139 1367 299 1439 hibentur,
330 1369 415 1443 quod
444 1368 509 1443 ipse
538 1369 672 1439 dederit,
701 1369 917 1441 adiungamus.
969 1370 1050 1429 Abel
1078 1375 1108 1428 et
1135 1369 1208 1431 Cain

139 1471 229 1546 primi
254 1470 383 1529 Domino
412 1486 543 1529 munera
571 1471 723 1530 obtulisse
755 1472 915 1544 leguntur:
943 1471 993 1531 ille
1017 1471 1141 1548 quidem
1169 1475 1208 1534 de

140 1572 332 1631 naturalibus
356 1573 470 1643 ovium,
494 1589 572 1648 quas
598 1573 757 1649 pascebat,
780 1572 892 1632 felibus
909 1573 985 1632 istea
1008 1574 1208 1645 deterreris,

140 1689 220 1750 quas
257 1679 322 1732 arte
362 1681 393 1733 et
428 1674 535 1736 labore
572 1675 756 1751 adquisivit,
799 1675 967 1748 l‘rugibus.1
1026 1675 1088 1734 Sed
1126 1677 1209 1736 dona

140 1777 304 1836 amborum
327 1793 388 1835 non
412 1791 474 1835 una
497 1777 673 1852 dignatione
690 1785 847 1853 suscepta,
864 1777 938 1853 quia
954 1776 1072 1853 dispari
1089 1778 1211 1838 luerent

138 1879 259 1939 ratione
291 1879 410 1950 oblata,
438 1881 527 1938 testis
557 1886 606 1939 est
633 1881 728 1940 divini
753 1897 887 1941 censura
917 1886 1080 1954 respectus
1104 1886 1135 1939 et
1162 1882 1209 1939 in·

139 1982 276 2040 videntis
299 1981 452 2041 fraternae
475 1981 613 2041 felicitati
636 1981 711 2042 Cain
736 1978 896 2059 usquead
919 1981 1074 2041 homicidii
1090 1989 1208 2041 reatum

138 2085 289 2160 prolapsa
312 2083 476 2142 dementia.
520 2084 587 2144 Noe
612 2099 738 2161 quoque
762 2089 833 2160 post
855 2080 1006 2143 diluvium
1023 2082 1060 2141 de
1084 2083 1208 2142 mundis

139 2185 348 2246 animantibus
365 2185 476 2245 obtulit
492 2186 622 2246 Domino
638 2187 667 2244 in
685 2186 814 2246 odorem
830 2185 1024 2247 suavitatis²
1048 2184 1208 2245 Abraham

139 2289 233 2348 etiam
262 2294 293 2346 et
322 2288 412 2347 Iacob
443 2295 473 2347 et
505 2288 673 2364 patientiae
703 2288 759 2348 Iob
790 2290 961 2364 exemplar,
995 2285 1148 2347 sacrificia
1179 2293 1209 2346 et

138 2388 324 2450 holocausta
346 2389 477 2450 Domino
501 2390 682 2450 immolasse
705 2392 860 2464 leguntur.
903 2392 966 2449 lam
989 2405 1063 2448 vero
1086 2390 1114 2447 in
1139 2391 1208 2464 lege

140 2507 234 2567 quam
259 2492 438 2568 multiplicia
462 2491 522 2550 sint
545 2492 734 2551 oblationum
758 2499 938 2568 praecepta,
962 2509 1001 2551 ex
1023 2489 1100 2567 ips1s
1122 2491 1209 2551 libris

140 2591 324 2652 discendum
355 2600 415 2665 ast,
444 2593 497 2652 ubi
527 2595 767 2670 quadrupedum
796 2602 826 2655 et
853 2596 1014 2653 volucrum
1044 2608 1156 2653 carnes
1179 2599 1210 2653 et

140 2693 284 2766 sanguis,
311 2700 414 2754 terrae
441 2695 545 2771 fruges
574 2704 605 2755 et
628 2696 746 2758 fructus
769 2697 917 2757 arborum
945 2696 1078 2757 diversis
1108 2696 1209 2756 modis

141 2793 244 2854 offerri
265 2795 419 2856 iubentur.
456 2797 541 2870 Quae
565 2799 668 2858 omnia
691 2814 761 2858 cum
782 2800 927 2875 legalium
953 2799 1208 2858 observationum

141 2897 273 2969 umbris,
302 2899 375 2958 lieet
403 2900 557 2974 evangelii
584 2901 748 2959 veritatem
772 2916 829 2958 sua
853 2899 1132 2976 praefiguraverint
1154 2916 1208 2959 ex-

141 2998 306 3070 hibitione,
333 3005 436 3058 tamen
471 3001 590 3061 infirmo
623 3008 653 3060 et
687 3001 778 3077 quasi
815 3017 938 3060 earnem
970 3008 1001 3060 et
1023 3002 1209 3075 sanguinem

142 3103 273 3176 sapienti
297 3102 412 3178 populo
440 3101 588 3177 imposita
612 3108 686 3163 sunt
709 3108 841 3162 eatenus
871 3103 1085 3171 observanda,
1110 3101 1211 3160 donee

142 3205 263 3264 veniret
291 3203 435 3263 dominus
464 3204 541 3279 legis
570 3211 600 3263 et
628 3204 852 3280 prophetarum
876 3210 905 3263 et
928 3205 1044 3274 omnia,
1069 3204 1211 3280 quaeda

143 3321 175 3364 se
207 3305 330 3365 lucrant
362 3305 478 3382 apertis
509 3309 559 3366 vel
597 3307 738 3384 mysticis
774 3306 863 3366 dietis
895 3306 1119 3381 praenunciata
1156 3306 1206 3364 vel

142 3407 332 3482 imaginariis
349 3408 554 3480 victimarum,
570 3408 793 3469 sacrificiorum
810 3413 840 3467 et
855 3408 1083 3468 solemnitatum
1101 3407 1212 3468 ritibus

143 3509 342 3584 praesignata
371 3511 559 3592 compleret;
583 3511 624 3570 ita
647 3527 737 3582 sane,
761 3517 793 3569 ut
820 3511 1031 3572 inlucescente
1059 3509 1211 3582 evangelii

143 3608 284 3679 veritate,
309 3627 364 3671 nec
388 3613 549 3672 credentes
572 3629 611 3671 ex
626 3611 748 3672 ludaeis
771 3613 809 3672 ab
825 3614 884 3673 illis
900 3611 1104 3674 observandis
1121 3610 1210 3687 quasi

212 3809 225 3838 ὃ
242 3825 280 3874 oe,
299 3811 331 3862 de
350 3812 456 3862 terrenis
475 3813 529 3862 iste.

635 3933 875 3940 —---..——
881 3937 919 3941 -
958 3933 1098 3940 ...-—-
1105 3933 1161 3938 ---
1172 3933 1212 3938 -—

216 4001 225 4034 ¹
243 3995 333 4050 Genea.
351 3996 395 4061 lv,
409 3999 490 4064 3sqq.
508 4027 542 4036 -
562 3999 572 4034 ²
590 3996 680 4049 Genes.
699 3987 763 4060 Vlll,
777 4001 808 4050 20
818 4014 855 4064 sq.
