2896 4828
645 425 857 484 ..33-

222 595 315 654 rebus
339 594 499 667 sacrilegis
523 600 553 652 et
567 593 737 669 prophanis
753 593 999 670 prohiberentur,
1015 611 1072 654 nco
1088 595 1126 653 de
1142 594 1287 669 gentibus

223 697 264 757 ad
286 695 378 755 iidem
400 695 562 755 venientes
585 696 624 755 ad
641 711 679 756 ea
696 697 895 772 suscipienda
918 698 1008 772 quasi
1032 696 1123 756 saluti
1141 695 1287 756 Christia-

224 814 332 859 norum
356 798 535 857 necessaria
559 803 749 873 cogerentur.

707 1155 800 1225 XVI.

460 1327 512 1396 Be
538 1328 720 1415 sacrificiis
747 1327 824 1394 aaut
849 1327 1043 1394 testamenti.

287 1528 397 1604 ltaque
422 1527 575 1602 Christus,
603 1529 656 1603 qui
685 1527 882 1586 credentibus
910 1526 980 1585 finis
1005 1521 1164 1601 astiagis,
1188 1527 1289 1585 carnis

224 1627 490 1703 dispensationem
507 1631 645 1701 subiens
667 1628 743 1702 tegis
761 1634 876 1687 statuta
891 1633 998 1703 utpote
1015 1642 1033 1685 a
1049 1628 1114 1687 Deo
1132 1629 1290 1687 instituta³

224 1746 283 1789 uon
307 1732 436 1806 respuit,
459 1733 531 1808 quin
556 1732 658 1808 potius
682 1732 710 1788 in
736 1745 771 1789 se
787 1738 820 1787 ut
834 1731 1013 1789 terminaret
1029 1731 1175 1805 explevit.
1212 1730 1290 1789 Novi

223 1847 300 1891 vero
335 1835 513 1894 testamenti
550 1848 632 1894 nova
665 1831 816 1908 mysteria
849 1831 887 1889 ad
926 1831 1137 1890 instruendum
1175 1848 1288 1891 novum

223 1931 381 1992 hominem
414 1934 550 2004 tradidit,
585 1940 616 1992 et
643 1939 738 1993 morte
768 1949 826 1992 sua
855 1942 962 1993 vetera
989 1934 1151 2009 perficiens
1187 1950 1290 1993 resur-

224 2035 361 2094 rectione
385 2050 444 2095 sua
467 2052 548 2096 nova
570 2036 712 2096 firmavit.
756 2037 789 2093 lu
807 2051 904 2094 caena
920 2035 1083 2111 siquidem,
1106 2051 1200 2111 quam
1217 2041 1289 2095 ante

226 2135 422 2197 traditionem
461 2155 549 2198 suam
588 2138 727 2198 ultimam
763 2153 831 2197 cum
867 2137 1028 2215 discipulis
1062 2137 1184 2212 habuit,
1219 2144 1291 2213 post

225 2238 365 2312 paschae
388 2240 503 2298 veteris
528 2239 680 2300 solemnia
704 2239 840 2315 corporis
871 2245 902 2296 et
924 2240 1087 2315 sanguinis
1113 2240 1160 2299 sui
1185 2253 1289 2296 sacra-

225 2345 330 2397 menta
354 2339 383 2397 in
407 2342 497 2416 panis
520 2348 550 2399 et
569 2340 633 2399 vini
649 2340 826 2401 substantia
842 2341 958 2399 eisdem
977 2340 1137 2416 discipulis
1153 2339 1288 2408 tradidit,

225 2447 256 2500 at
284 2455 322 2498 ea
357 2443 384 2498 iu
419 2444 743 2502 commemorationem
774 2442 990 2501 sanctissimae
1024 2456 1101 2499 suae
1132 2440 1288 2514 passionis

225 2541 384 2602 terebrare
408 2543 576 2615 perdocuit.
621 2543 699 2602 Nihil
724 2560 799 2618 ergo
823 2543 1041 2616 congruentius
1057 2540 1104 2600 his
1123 2541 1290 2615 speciebus

225 2642 264 2701 ad
288 2644 521 2717 significandam
545 2644 654 2718 capitis
677 2651 772 2720 atque
794 2643 1002 2703 membrorum
1018 2643 1166 2701 unitatem
1191 2642 1290 2716 potuit

226 2744 372 2815 inveniri,
411 2745 482 2821 quia
513 2745 657 2806 videlicet
692 2742 803 2824 panisb
837 2747 874 2805 de
913 2744 1016 2804 muitis
1050 2747 1154 2820 granis
1190 2761 1290 2820 aquae

226 2847 356 2920 coagulo
391 2847 420 2904 in
452 2862 547 2905 unum
582 2864 694 2923 corpus
726 2847 887 2921 redigitur,
921 2853 951 2906 ct
981 2846 1086 2905 vinum
1116 2863 1156 2908 ex
1186 2847 1290 2907 multis

226 2948 322 3008 acinis
353 2947 546 3023 exprimitur,
586 2950 631 3009 sic
669 2958 700 3009 et
733 2966 846 3026 corpus
881 2945 993 3008 Christi
1026 2965 1064 3008 ex
1099 2949 1289 3008 multitudine

226 3057 406 3118 sanctorum
431 3051 607 3110 coadunata
624 3053 804 3128 completur.
842 3045 931 3108 Unde
948 3051 1086 3109 consulte
1102 3050 1289 3128 aptioribus

226 3159 375 3212 statutum
400 3161 453 3222 est,
479 3168 516 3210 nc
538 3152 644 3212 vinum
669 3155 697 3212 in
722 3150 873 3211 sacrificio
897 3152 965 3210 sine
989 3167 1088 3228 aquae
1105 3152 1290 3212 admixtione

224 3251 379 3323 offeratur,
403 3261 435 3313 ut
457 3255 603 3314 videlicet
624 3271 681 3331 per
702 3254 762 3314 hoc
777 3253 939 3326 indicetur,
955 3255 1089 3330 populos
1113 3253 1164 3330 qni
1181 3268 1290 3312 secun-
1378 3329 1381 3336 y

227 3355 298 3414 dum
318 3356 467 3414 *loannem
493 3372 594 3431 aquae
618 3358 715 3427 sunt1,
739 3371 757 3414 a
781 3353 918 3427 Christo,
943 3357 1053 3414 cuius
1077 3354 1233 3429 sanguis
1257 3354 1289 3412 in

228 3458 350 3516 calice
374 3458 462 3530 est2‚
478 3458 573 3516 dividi
591 3475 650 3518 non
668 3457 791 3518 debere.
822 3459 902 3532 Ergo
920 3474 977 3517 nec
992 3458 1099 3517 vinum
1115 3456 1182 3514 sine
1199 3472 1291 3532 aqua,

294 3624 306 3650 ³
324 3641 361 3685 oe,
380 3640 429 3674 orn.
448 3624 569 3674 instituta.
589 3655 619 3662 -
640 3612 653 3650 b
672 3641 710 3689 oe,
730 3626 793 3674 sicut
810 3627 891 3690 panis.

299 3793 407 3859 1Apoc.
424 3792 502 3855 XVII,
517 3796 554 3847 15.
590 3797 690 3860 Aquae,
710 3811 774 3861 quas
791 3794 885 3856 vidisti,
904 3793 948 3843 ubi
966 3791 1084 3841 meretrix
1103 3791 1184 3855 sedet,
1203 3791 1292 3857 populi

227 3883 287 3927 sunt
303 3883 327 3928 et
344 3883 432 3942 gentes
450 3883 474 3928 et
491 3878 605 3943 linguae.
634 3907 664 3916 —
697 3881 707 3916 ²
725 3879 770 3928 His
788 3879 873 3930 verbis
892 3878 987 3942 dogma
1005 3877 1293 3927 transsubstantiationis

227 3964 339 4026 praecise
357 3968 380 4013 et
400 3963 515 4013 distincte
533 3977 681 4026 expressum
700 3978 756 4015 esse
774 3979 850 4014 nemo
869 3979 920 4014 non
938 3961 1016 4021 videt,
1033 3960 1180 4024 praesertim
1199 3963 1219 4011 si
1232 3975 1293 4011 con-
