2956 4766
718 349 928 409 ...66-

289 520 1343 598 passionemllomtntlnpraedicationesacerdotum,quandontssae

289 623 510 684 celebrantur.¹
548 622 636 696 Quod
660 639 727 682 cum
745 623 840 683 liade
857 639 894 682 eo
912 624 941 681 in
957 623 1188 698 pontificalibus
1204 623 1341 698 seriptum

289 728 335 797 sit,
346 726 472 785 dubium
485 725 614 796 videtur,
626 738 727 786 mrum
741 727 791 784 ille
804 741 872 798 eam
886 731 1001 785 tantum
1017 731 1134 800 partem
1148 725 1343 798 actionisque

287 829 393 906 passio
406 827 525 888 Domini
540 835 810 898 commemoratur,
828 829 1015 887 ordinaverit
1034 829 1080 886 vel
1101 835 1195 887 totam
1213 843 1232 886 a
1250 827 1343 900 capite

287 946 387 1005 usque
400 931 437 988 ad
451 930 552 1004 ipsum
564 929 676 989 locum.
709 928 769 989 Sed
783 928 856 988 huic
867 930 1021 988 secundae
1040 925 1244 989 aestimationi
1261 929 1342 988 vide·

286 1038 335 1092 tur
358 1032 554 1100 contrarium,
578 1030 662 1106 quod
676 1031 706 1089 in
731 1047 769 1090 ea
791 1039 879 1107 parte
902 1034 1001 1091 sancti
1018 1032 1222 1102 nominantur,
1245 1030 1344 1105 quiet

286 1141 356 1194 ante
382 1136 465 1194 illum
495 1140 525 1192 et
554 1134 607 1209 qui
637 1139 707 1206 post
734 1134 815 1194 illius
845 1141 988 1210 tempora
1017 1135 1109 1208 longe
1133 1136 1266 1205 luerunt,
1287 1132 1341 1192 nisi

286 1237 435 1304 dicamus,
459 1237 497 1294 ab
522 1236 572 1297 illo
597 1251 652 1295 eos
678 1241 803 1308 tantum,
828 1237 878 1313 qni
904 1243 975 1296 ante
1002 1236 1087 1294 illum
1116 1237 1238 1296 luerunt
1264 1250 1342 1295 com·

283 1343 486 1408 memoratos,
511 1344 705 1398 caeterorum
727 1355 804 1397 vero
830 1341 954 1398 nomina
978 1339 1044 1398 suis
1068 1355 1212 1414 quaeque
1227 1345 1342 1412 tempo-

283 1439 368 1498 ribus
392 1440 430 1498 ab
447 1440 514 1500 aliis
532 1441 768 1518 superinmissa3
785 1443 868 1501 unde
885 1448 915 1500 et
931 1441 1030 1516 ipsius
1047 1457 1158 1502 nomen
1178 1437 1342 1500 Alexandri

283 1542 312 1600 in
341 1543 485 1617 sequenti
516 1543 623 1602 ordine
651 1544 833 1620 repperitur.
885 1543 1055 1616 Gregorius
1085 1546 1188 1616 vero²‚
1217 1543 1255 1601 de
1283 1555 1341 1616 quo

283 1645 427 1718 superius
450 1645 577 1720 saepius
599 1645 727 1704 fecimus
748 1645 945 1716 mentionem,
968 1647 1183 1721 augmentavit
1205 1646 1233 1705 in
1258 1657 1341 1720 prae-

282 1742 454 1806 dicationel
477 1746 620 1806 canonis:
651 1747 783 1822 litesque
811 1753 933 1808 nostros
962 1751 993 1807 in
1016 1756 1069 1809 tuo
1086 1766 1172 1824 poce
1195 1749 1341 1822 disponat,

281 1847 332 1907 ubi
365 1850 490 1924 quidam
524 1851 631 1909 volunt
663 1850 814 1922 intellegi,
847 1856 961 1908 totamc
988 1852 1027 1909 ab
1057 1867 1094 1909 eo
1121 1852 1189 1909 loco
1217 1847 1339 1908 canonis

281 1954 538 2026 consequentiam
561 1967 662 2026 usque
686 1952 714 2009 in
731 1951 821 2009 linem
840 1947 995 2026 perillum
1018 1948 1116 2012 fuisse
1132 1950 1338 2027 compositam,

280 2054 327 2112 cui
357 2055 462 2114 sensui
489 2069 663 2130 repugnare
689 2053 824 2124 ridetur,
854 2054 935 2128 quod
967 2054 1071 2130 passio
1096 2054 1231 2125 Domini,
1253 2065 1335 2128 quam

280 2156 460 2215 Alexander
490 2156 590 2215 eidem
620 2154 839 2230 praedicationi
873 2157 1014 2230 inseruit,
1044 2164 1115 2232 post
1142 2157 1203 2218 hos
1232 2166 1335 2214 versus

279 2257 420 2318 habetur.
464 2257 552 2317 Unde
581 2258 718 2316 nonnulli
746 2258 889 2325 credunt,
914 2275 973 2318 non
1001 2260 1134 2333 amplius
1163 2259 1331 2334 Gregorium

279 2375 372 2433 quam
402 2361 470 2418 illas
500 2365 563 2418 tres
591 2360 770 2434 petitiones,
801 2361 831 2418 id
859 2367 908 2420 cst
936 2378 990 2436 pro
1019 2377 1095 2437 pace
1118 2370 1287 2439 temporum
1306 2361 1332 2416 et

183 2511 190 2520 .
278 2460 433 2534 ereptione
470 2461 509 2520 ab
543 2463 676 2521 aeternis
716 2459 878 2538 suppliciis
913 2469 944 2522 et
976 2464 1130 2524 consortio
1167 2468 1333 2526 sanctorum

278 2561 454 2635 obtinendo,
479 2563 633 2638 prioribus
657 2565 915 2638 superaddidisse
943 2567 1075 2626 statutis.
1121 2568 1184 2628 Leo
1209 2577 1333 2643 quoque,

277 2662 387 2722 XLVll
410 2664 503 2723 loco³
526 2665 608 2740 apud
632 2665 789 2725 Romanos
810 2667 1022 2739 pontificatum
1046 2683 1151 2742 agene,
1176 2663 1334 2731 constituit,

276 2771 310 2823 nt
331 2765 411 2823 intra
439 2766 592 2825 actionem
620 2767 764 2828 sacrificii
795 2769 961 2830 diceretur:
988 2777 1128 2829 sanctum
1150 2769 1334 2842 sucrificium

276 2872 306 2925 et
328 2867 474 2943 reliquant
510 2869 555 2928 De
573 2868 632 2927 hoe
648 2869 740 2928 etiam
757 2872 867 2946 quaeri
886 2877 999 2946 potest,
1022 2878 1125 2932 utrum
1149 2873 1190 2932 ab
1214 2887 1250 2931 eo
1273 2873 1334 2928 loco

342 3065 355 3091 ²
372 3067 397 3117 Μ
416 3073 439 3118 et
456 3084 495 3130 oe,
513 3070 665 3132 precatione.
690 3099 721 3106 —
748 3058 759 3098 b
779 3070 804 3120 M
823 3075 845 3121 et
864 3087 902 3135 oe,
921 3074 1071 3137 precatione.
1094 3102 1127 3110 -
1150 3073 1161 3100 ⁰
1179 3073 1214 3135 M,
1228 3073 1297 3122 ll¹ct
1308 3082 1334 3116 oc

273 3150 368 3202 habent
385 3157 472 3212 totam,
490 3151 538 3205 SG.
557 3170 618 3204 vero
637 3154 696 3206 exh.
715 3162 775 3209 tam.

1006 3263 1121 3270 -.-..--..
1127 3265 1191 3270 ...-
1212 3265 1239 3269 ..
1251 3258 1327 3268 ..φ-ο-

344 3303 435 3366 ¹„Hio
450 3308 605 3370 'passionem
634 3307 737 3359 Domini
765 3310 866 3360 miscuit
896 3312 922 3360 in
952 3312 1139 3375 praedicatione
1170 3310 1332 3366 sacerdotum,

271 3389 376 3453 quando
395 3391 487 3440 missae
504 3390 688 3442 celebrantur.“
725 3393 780 3446 Lib.
793 3395 881 3459 pontii.
894 3395 974 3447 Dueh.
988 3396 1006 3456 l,
1021 3398 1076 3447 127.
1107 3396 1133 3445 ln
1152 3393 1331 3460 praedicatione

270 3474 430 3525 sacerdotum
454 3475 480 3524 ld
503 3479 540 3525 est
563 3477 590 3526 in
613 3477 727 3528 oratione
750 3486 808 3530 ante
831 3482 1047 3531 consecrationem
1071 3481 1134 3542 „Qui
1156 3481 1236 3545 pridie
1258 3489 1330 3542 quam

270 3563 420 3623 pateretur“.
451 3588 485 3597 -
521 3560 612 3620 ²„Hic
630 3565 807 3626 augmentavit
827 3566 854 3614 in
878 3567 1092 3629 praedicationem
1111 3568 1214 3616 canonis
1233 3565 1330 3628 dicsqm

269 3648 373 3696 nostros
395 3647 423 3696 io
445 3649 490 3696 tuo
507 3661 580 3712 poce
603 3647 713 3714 dispone
736 3653 759 3698 et
782 3654 886 3700 cetera.“
927 3649 1007 3699 Duclr.
1031 3637 1125 3714 l,3t'2.
1158 3679 1192 3690 -
1220 3649 1329 3698 ⁸Leo,.

269 3728 484 3793 quadragesimus
502 3732 606 3794 quintus
624 3733 688 3782 rexit
705 3731 837 3782 ecclesiam
857 3737 1000 3787 tto-461.
1024 3763 1055 3774 -
1084 3740 1095 3774 ⁴
1115 3736 1177 3798 „Hic
1197 3729 1327 3785 constituit

269 3816 297 3861 ut
319 3813 384 3862 intra
405 3815 531 3864 actionem
555 3816 671 3866 sacrificii
698 3816 822 3868 diceretur
845 3824 962 3871 sommum
992 3821 1154 3887 sacrficium
1176 3826 1200 3872 et
1227 3817 1326 3868 cetera.“

269 3895 348 3946 Duch.
371 3896 392 3956 l,
410 3899 467 3949 239.
512 3898 580 3950 Hace
606 3901 684 3952 verba
709 3905 846 3954 terminant
871 3906 1010 3955 orationem
1038 3912 1094 3970 post
1120 3905 1326 3957 consecrationem
1392 3973 1393 3980 ἵ
