2956 4766
653 321 885 381 —110-

234 498 432 569 exsuperent,
463 491 646 567 praesertim
678 491 707 550 in
738 492 831 551 tantis
862 491 1021 552 laboribus
1050 498 1081 552 et
1108 499 1172 553 tarn
1201 494 1318 552 multis

234 595 426 655 domesticae
449 592 494 651 rei
518 589 778 652 solicitudinibus.
821 593 899 653 Nam
923 593 963 654 36
987 609 1063 654 suae
1087 594 1199 654 aetatis
1223 609 1314 654 anno

234 704 306 772 post
320 694 528 756 Rudhelmum
546 694 700 772 abbatem,
726 711 795 754 oum
812 701 883 754 ante
900 696 1050 769 magister
1064 701 1160 768 esset,
1183 695 1312 769 Augias

236 805 355 875 pastor.
371 803 401 857 et
429 802 530 857 reetor
552 796 682 858 effeetus
707 803 755 857 est
784 798 824 856 ed
847 797 960 859 Christi
982 813 1097 858 annum
1120 796 1192 856 842.
1237 797 1310 871 Quo

235 906 317 960 certe
345 900 396 959 ille
426 915 556 958 munere
587 899 758 976 spiritualia
787 913 888 973 aeque
910 915 948 960 aa
974 899 1154 974 temporalia
1175 899 1309 972 curavit,

172 1066 173 1074 χ
234 1001 294 1062 hoe
317 1009 365 1062 est
394 1007 529 1076 utraque
552 1003 676 1076 optime.
720 1000 889 1062 Enimvero
913 1001 998 1078 quod
1022 1002 1060 1062 ad
1090 1009 1307 1076 temporanea-

168 1183 174 1190 *
234 1121 301 1163 rum
324 1119 427 1162 rerum
450 1103 751 1164 administrationem
770 1102 887 1181 attinet,
909 1105 940 1163 id
956 1103 1132 1168 ,ostendunt
1154 1105 1306 1164 eonstitu-

232 1207 334 1267 tiones
359 1205 437 1278 eius,
460 1221 540 1281 quos
563 1203 622 1266 hoo
646 1185 741 1282 super
765 1221 799 1265 se
820 1205 998 1265 ordinavit1
1040 1206 1086 1266 De
1110 1203 1306 1264 solicitudine

234 1309 302 1368 eius
326 1307 355 1366 in
378 1305 475 1366 rebus
499 1303 715 1381 spiritualibus
738 1304 931 1382 superfluum
951 1311 1000 1365 est
1022 1307 1097 1382 quid
1120 1319 1305 1376 memorare,

235 1426 305 1469 oum
324 1414 453 1477 constet,
478 1423 549 1465 eum
574 1404 628 1483 qui
650 1424 739 1468 saero
756 1409 882 1468 numine
897 1409 1068 1484 inspirante
1083 1409 1157 1468 talia
1173 1408 1305 1482 scripsit,

235 1527 297 1570 non
329 1510 470 1584 potuisse
501 1525 563 1568 non
594 1512 731 1584 practice
762 1526 917 1580 exercere,
947 1526 1028 1586 quae
1057 1511 1166 1570 docuit.
1220 1509 1309 1568 Vixit

205 1619 207 1624 ⁴
235 1611 322 1671 brevi
349 1613 442 1671 nimis
470 1621 621 1686 tempore,
651 1612 783 1687 longiori
808 1614 838 1672 id
863 1617 911 1672 est
941 1618 1067 1672 aeterna
1091 1612 1308 1686 dignissimus

235 1714 274 1773 ad
298 1729 392 1788 quam
416 1713 550 1789 perrexit
571 1713 675 1788 Augie
699 1723 818 1790 septem
842 1715 932 1775 annis
955 1723 1062 1775 sanate
1082 1715 1306 1776 administrata.

233 1832 318 1876 anno
342 1815 412 1892 849,
438 1815 591 1904 ΙΘἽΑιις.
615 1805 728 1877 aetatis
751 1833 829 1876 suae
851 1817 902 1876 43.
928 1833 1015 1876 enno.

306 2018 382 2070 1Csr.
401 2034 479 2085 supra
496 2035 537 2070 no.
555 2019 587 2069 ΙΙΙ
605 2020 632 2070 in
651 2017 761 2084 append.
780 2031 838 2084 pag.
859 2020 914 2070 too.
