<?xml version="1.0" encoding="UTF-8"?>
<!DOCTYPE html PUBLIC "-//W3C//DTD XHTML 1.0 Transitional//EN"
    "http://www.w3.org/TR/xhtml1/DTD/xhtml1-transitional.dtd">
<html xmlns="http://www.w3.org/1999/xhtml" xml:lang="en" lang="en">
 <head>
  <title>
</title>
<meta http-equiv="Content-Type" content="text/html;charset=utf-8" />
  <meta name='ocr-system' content='tesseract 3.04.00' />
  <meta name='ocr-capabilities' content='ocr_page ocr_carea ocr_par ocr_line ocrx_word'/>
</head>
<body>
  <div class='ocr_page' id='page_1' title='image "./walafridistrabo00kngoog_0106.png"; bbox 0 0 2956 4766; ppageno 0'>
   <div class='ocr_carea' id='block_1_1' title="bbox 701 311 911 372">
    <p class='ocr_par' dir='ltr' id='par_1_1' title="bbox 701 311 911 372">
     <span class='ocr_line' id='line_1_1' title="bbox 701 311 911 372; baseline 0.005 -18"><span class='ocrx_word' id='word_1_1' title='bbox 701 311 911 372; x_wconf 54' lang='lat'>„84-</span> 
     </span>
    </p>
   </div>
   <div class='ocr_carea' id='block_1_2' title="bbox 256 478 1454 1868">
    <p class='ocr_par' dir='ltr' id='par_1_2' title="bbox 256 478 1454 1868">
     <span class='ocr_line' id='line_1_2' title="bbox 274 478 1454 568; baseline -0.001 -26"><span class='ocrx_word' id='word_1_2' title='bbox 274 480 408 558; x_wconf 83' lang='lat' dir='ltr'>aliquida</span> <span class='ocrx_word' id='word_1_3' title='bbox 440 480 550 542; x_wconf 87' lang='lat' dir='ltr'>melius</span> <span class='ocrx_word' id='word_1_4' title='bbox 583 481 705 557; x_wconf 83' lang='lat' dir='ltr'>possint</span> <span class='ocrx_word' id='word_1_5' title='bbox 733 478 783 542; x_wconf 85' lang='lat' dir='ltr'>etb</span> <span class='ocrx_word' id='word_1_6' title='bbox 814 497 870 542; x_wconf 90' lang='lat' dir='ltr'>suo</span> <span class='ocrx_word' id='word_1_7' title='bbox 907 482 1006 544; x_wconf 88' lang='lat' dir='ltr'>ordini</span> <span class='ocrx_word' id='word_1_8' title='bbox 1042 481 1264 556; x_wconf 83' lang='lat' dir='ltr'>congruentius</span> <span class='ocrx_word' id='word_1_9' title='bbox 1304 483 1354 541; x_wconf 89' lang='lat' dir='ltr'>in·</span> <span class='ocrx_word' id='word_1_10' title='bbox 1453 547 1454 568; x_wconf 61' lang='lat'>,</span> 
     </span>
     <span class='ocr_line' id='line_1_3' title="bbox 273 582 1356 660; baseline 0 -18"><span class='ocrx_word' id='word_1_11' title='bbox 273 585 397 654; x_wconf 85' lang='lat' dir='ltr'>venire,</span> <span class='ocrx_word' id='word_1_12' title='bbox 427 599 521 660; x_wconf 89' lang='lat' dir='ltr'>quam</span> <span class='ocrx_word' id='word_1_13' title='bbox 553 583 603 641; x_wconf 86' lang='lat' dir='ltr'>ille</span> <span class='ocrx_word' id='word_1_14' title='bbox 632 583 684 660; x_wconf 92' lang='lat' dir='ltr'>qui</span> <span class='ocrx_word' id='word_1_15' title='bbox 713 583 822 658; x_wconf 90' lang='lat' dir='ltr'>spiritu</span> <span class='ocrx_word' id='word_1_16' title='bbox 854 584 989 644; x_wconf 91' lang='lat' dir='ltr'>omnium</span> <span class='ocrx_word' id='word_1_17' title='bbox 1021 589 1199 644; x_wconf 86' lang='lat' dir='ltr'>sanctorum</span> <span class='ocrx_word' id='word_1_18' title='bbox 1232 582 1356 644; x_wconf 85' lang='lat' dir='ltr'>dieitur</span> 
     </span>
     <span class='ocr_line' id='line_1_4' title="bbox 275 684 1454 763; baseline -0.001 -18"><span class='ocrx_word' id='word_1_19' title='bbox 275 689 385 763; x_wconf 87' lang='lat' dir='ltr'>plenus</span> <span class='ocrx_word' id='word_1_20' title='bbox 409 685 515 746; x_wconf 88' lang='lat' dir='ltr'>luisse.</span> <span class='ocrx_word' id='word_1_21' title='bbox 561 685 702 744; x_wconf 90' lang='lat' dir='ltr'>Psalmos</span> <span class='ocrx_word' id='word_1_22' title='bbox 727 690 832 746; x_wconf 90' lang='lat' dir='ltr'>autem</span> <span class='ocrx_word' id='word_1_23' title='bbox 856 701 926 746; x_wconf 88' lang='lat' dir='ltr'>oum</span> <span class='ocrx_word' id='word_1_24' title='bbox 950 687 1121 747; x_wconf 84' lang='lat' dir='ltr'>seeundum</span> <span class='ocrx_word' id='word_1_25' title='bbox 1144 684 1225 742; x_wconf 90' lang='lat' dir='ltr'>LXX</span> <span class='ocrx_word' id='word_1_26' title='bbox 1250 685 1354 744; x_wconf 85' lang='lat' dir='ltr'>inter·</span> <span class='ocrx_word' id='word_1_27' title='bbox 1453 707 1454 712; x_wconf 45' lang='lat'>¹</span> 
     </span>
     <span class='ocr_line' id='line_1_5' title="bbox 275 785 1354 864; baseline -0.002 -16"><span class='ocrx_word' id='word_1_28' title='bbox 275 794 380 864; x_wconf 89' lang='lat' dir='ltr'>pretes</span> <span class='ocrx_word' id='word_1_29' title='bbox 402 787 533 846; x_wconf 87' lang='lat' dir='ltr'>Romani</span> <span class='ocrx_word' id='word_1_30' title='bbox 557 785 659 848; x_wconf 82' lang='lat' dir='ltr'>adhue</span> <span class='ocrx_word' id='word_1_31' title='bbox 682 785 830 858; x_wconf 80' lang='lat' dir='ltr'>habeant,</span> <span class='ocrx_word' id='word_1_32' title='bbox 855 788 932 848; x_wconf 86' lang='lat' dir='ltr'>Galli</span> <span class='ocrx_word' id='word_1_33' title='bbox 954 795 985 848; x_wconf 86' lang='lat' dir='ltr'>et</span> <span class='ocrx_word' id='word_1_34' title='bbox 1001 787 1224 848; x_wconf 86' lang='lat' dir='ltr'>Germanorum</span> <span class='ocrx_word' id='word_1_35' title='bbox 1246 788 1354 863; x_wconf 82' lang='lat' dir='ltr'>aliqui</span> 
     </span>
     <span class='ocr_line' id='line_1_6' title="bbox 274 889 1454 966; baseline -0.001 -16"><span class='ocrx_word' id='word_1_36' title='bbox 274 890 447 950; x_wconf 89' lang='lat' dir='ltr'>seeundum</span> <span class='ocrx_word' id='word_1_37' title='bbox 483 889 748 961; x_wconf 82' lang='lat' dir='ltr'>emendationem,</span> <span class='ocrx_word' id='word_1_38' title='bbox 787 905 882 966; x_wconf 87' lang='lat' dir='ltr'>quam</span> <span class='ocrx_word' id='word_1_39' title='bbox 916 891 1138 966; x_wconf 85' lang='lat' dir='ltr'>Hieronymus,</span> <span class='ocrx_word' id='word_1_40' title='bbox 1163 889 1355 966; x_wconf 72' lang='lat' dir='ltr'>presbyterc</span> <span class='ocrx_word' id='word_1_41' title='bbox 1453 925 1454 960; x_wconf 74' lang='lat'>,</span> 
     </span>
     <span class='ocr_line' id='line_1_7' title="bbox 275 991 1354 1067; baseline 0.001 -17"><span class='ocrx_word' id='word_1_42' title='bbox 275 991 313 1052; x_wconf 92' lang='lat' dir='ltr'>de</span> <span class='ocrx_word' id='word_1_43' title='bbox 336 991 423 1052; x_wconf 88' lang='lat' dir='ltr'>LXX.</span> <span class='ocrx_word' id='word_1_44' title='bbox 460 991 595 1050; x_wconf 83' lang='lat' dir='ltr'>editione</span> <span class='ocrx_word' id='word_1_45' title='bbox 631 993 820 1067; x_wconf 80' lang='lat' dir='ltr'>composuit,</span> <span class='ocrx_word' id='word_1_46' title='bbox 855 994 1034 1067; x_wconf 83' lang='lat' dir='ltr'>psalterium</span> <span class='ocrx_word' id='word_1_47' title='bbox 1071 997 1210 1060; x_wconf 86' lang='lat' dir='ltr'>cantant,</span> <span class='ocrx_word' id='word_1_48' title='bbox 1249 1007 1354 1066; x_wconf 81' lang='lat' dir='ltr'>quam</span> 
     </span>
     <span class='ocr_line' id='line_1_8' title="bbox 275 1079 1454 1170; baseline 0.001 -18"><span class='ocrx_word' id='word_1_49' title='bbox 275 1092 452 1168; x_wconf 82' lang='lat' dir='ltr'>Gregorius,</span> <span class='ocrx_word' id='word_1_50' title='bbox 474 1092 655 1152; x_wconf 82' lang='lat' dir='ltr'>turonensis</span> <span class='ocrx_word' id='word_1_51' title='bbox 678 1093 857 1170; x_wconf 88' lang='lat' dir='ltr'>episeopus,</span> <span class='ocrx_word' id='word_1_52' title='bbox 873 1110 892 1154; x_wconf 90' lang='lat' dir='ltr'>a</span> <span class='ocrx_word' id='word_1_53' title='bbox 907 1091 1068 1169; x_wconf 76' lang='lat' dir='ltr'>pertibusd</span> <span class='ocrx_word' id='word_1_54' title='bbox 1089 1093 1225 1153; x_wconf 87' lang='lat' dir='ltr'>romanis</span> <span class='ocrx_word' id='word_1_55' title='bbox 1241 1100 1353 1153; x_wconf 89' lang='lat' dir='ltr'>mutu·</span> <span class='ocrx_word' id='word_1_56' title='bbox 1453 1079 1454 1086; x_wconf 9' lang='grc' dir='ltr'>ἵ</span> 
     </span>
     <span class='ocr_line' id='line_1_9' title="bbox 275 1177 1454 1256; baseline -0.001 -1"><span class='ocrx_word' id='word_1_57' title='bbox 275 1203 359 1256; x_wconf 88' lang='lat' dir='ltr'>atam</span> <span class='ocrx_word' id='word_1_58' title='bbox 382 1195 412 1254; x_wconf 92' lang='lat' dir='ltr'>in</span> <span class='ocrx_word' id='word_1_59' title='bbox 430 1195 598 1254; x_wconf 87' lang='lat' dir='ltr'>Galliarum</span> <span class='ocrx_word' id='word_1_60' title='bbox 622 1195 733 1253; x_wconf 86' lang='lat' dir='ltr'>dieitur</span> <span class='ocrx_word' id='word_1_61' title='bbox 749 1195 900 1254; x_wconf 87' lang='lat' dir='ltr'>eeclesias</span> <span class='ocrx_word' id='word_1_62' title='bbox 916 1192 1124 1256; x_wconf 84' lang='lat' dir='ltr'>transtulisse.</span> <span class='ocrx_word' id='word_1_63' title='bbox 1162 1189 1356 1254; x_wconf 82' lang='lat' dir='ltr'>Cantilenae</span> <span class='ocrx_word' id='word_1_64' title='bbox 1453 1177 1454 1180; x_wconf 23' lang='lat'>¹</span> 
     </span>
     <span class='ocr_line' id='line_1_10' title="bbox 272 1295 1454 1375; baseline -0.001 -18"><span class='ocrx_word' id='word_1_65' title='bbox 272 1313 350 1357; x_wconf 84' lang='lat' dir='ltr'>vero</span> <span class='ocrx_word' id='word_1_66' title='bbox 374 1297 585 1372; x_wconf 78' lang='lat' dir='ltr'>perlectionem</span> <span class='ocrx_word' id='word_1_67' title='bbox 610 1296 783 1368; x_wconf 88' lang='lat' dir='ltr'>seientiam,</span> <span class='ocrx_word' id='word_1_68' title='bbox 808 1312 900 1372; x_wconf 91' lang='lat' dir='ltr'>quam</span> <span class='ocrx_word' id='word_1_69' title='bbox 923 1299 981 1358; x_wconf 90' lang='lat' dir='ltr'>iam</span> <span class='ocrx_word' id='word_1_70' title='bbox 1006 1307 1105 1375; x_wconf 74' lang='lat' dir='ltr'>penee</span> <span class='ocrx_word' id='word_1_71' title='bbox 1126 1302 1191 1356; x_wconf 85' lang='lat' dir='ltr'>lota</span> <span class='ocrx_word' id='word_1_72' title='bbox 1214 1295 1356 1358; x_wconf 81' lang='lat' dir='ltr'>Francia</span> <span class='ocrx_word' id='word_1_73' title='bbox 1453 1349 1454 1356; x_wconf 71' lang='grc'>,</span> 
     </span>
     <span class='ocr_line' id='line_1_11' title="bbox 274 1397 1353 1475; baseline 0 -17"><span class='ocrx_word' id='word_1_74' title='bbox 274 1400 380 1472; x_wconf 82' lang='lat' dir='ltr'>diligit,</span> <span class='ocrx_word' id='word_1_75' title='bbox 407 1398 586 1475; x_wconf 85' lang='lat' dir='ltr'>Stephanus</span> <span class='ocrx_word' id='word_1_76' title='bbox 610 1414 690 1473; x_wconf 90' lang='lat' dir='ltr'>papa</span> <span class='ocrx_word' id='word_1_77' title='bbox 703 1400 721 1470; x_wconf 88' lang='lat'>1,</span> <span class='ocrx_word' id='word_1_78' title='bbox 746 1414 814 1458; x_wconf 86' lang='lat' dir='ltr'>eum</span> <span class='ocrx_word' id='word_1_79' title='bbox 839 1401 879 1459; x_wconf 90' lang='lat' dir='ltr'>ad</span> <span class='ocrx_word' id='word_1_80' title='bbox 902 1397 1074 1473; x_wconf 88' lang='lat' dir='ltr'>Pippinum,</span> <span class='ocrx_word' id='word_1_81' title='bbox 1098 1403 1217 1471; x_wconf 87' lang='lat' dir='ltr'>patrem</span> <span class='ocrx_word' id='word_1_82' title='bbox 1241 1397 1353 1460; x_wconf 84' lang='lat' dir='ltr'>Caroli</span> 
     </span>
     <span class='ocr_line' id='line_1_12' title="bbox 276 1495 1454 1576; baseline 0 -16"><span class='ocrx_word' id='word_1_83' title='bbox 276 1501 380 1575; x_wconf 79' lang='lat' dir='ltr'>magni</span> <span class='ocrx_word' id='word_1_84' title='bbox 409 1495 632 1576; x_wconf 78' lang='lat' dir='ltr'>imperatorisf,</span> <span class='ocrx_word' id='word_1_85' title='bbox 660 1502 691 1558; x_wconf 93' lang='lat' dir='ltr'>in</span> <span class='ocrx_word' id='word_1_86' title='bbox 720 1500 880 1560; x_wconf 85' lang='lat' dir='ltr'>Franciam</span> <span class='ocrx_word' id='word_1_87' title='bbox 908 1518 965 1576; x_wconf 89' lang='lat' dir='ltr'>pro</span> <span class='ocrx_word' id='word_1_88' title='bbox 995 1499 1109 1561; x_wconf 89' lang='lat' dir='ltr'>iustitia</span> <span class='ocrx_word' id='word_1_89' title='bbox 1136 1501 1238 1559; x_wconf 87' lang='lat' dir='ltr'>saneti</span> <span class='ocrx_word' id='word_1_90' title='bbox 1260 1500 1351 1560; x_wconf 82' lang='lat' dir='ltr'>Petri</span> <span class='ocrx_word' id='word_1_91' title='bbox 1453 1505 1454 1520; x_wconf 77' lang='lat'>³</span> 
     </span>
     <span class='ocr_line' id='line_1_13' title="bbox 275 1601 1454 1679; baseline 0.002 -17"><span class='ocrx_word' id='word_1_92' title='bbox 275 1619 295 1662; x_wconf 89' lang='lat' dir='ltr'>a</span> <span class='ocrx_word' id='word_1_93' title='bbox 317 1601 531 1676; x_wconf 81' lang='lat' dir='ltr'>Langobardis</span> <span class='ocrx_word' id='word_1_94' title='bbox 557 1602 733 1678; x_wconf 88' lang='lat' dir='ltr'>expetenda</span> <span class='ocrx_word' id='word_1_95' title='bbox 749 1604 887 1662; x_wconf 88' lang='lat' dir='ltr'>venisset</span> <span class='ocrx_word' id='word_1_96' title='bbox 907 1619 964 1679; x_wconf 86' lang='lat' dir='ltr'>per</span> <span class='ocrx_word' id='word_1_97' title='bbox 979 1618 1055 1662; x_wconf 88' lang='lat' dir='ltr'>suos</span> <span class='ocrx_word' id='word_1_98' title='bbox 1071 1603 1201 1662; x_wconf 86' lang='lat' dir='ltr'>elericos</span> <span class='ocrx_word' id='word_1_99' title='bbox 1217 1609 1350 1677; x_wconf 86' lang='lat' dir='ltr'>petente</span> <span class='ocrx_word' id='word_1_100' title='bbox 1453 1635 1454 1638; x_wconf 33' lang='lat'>¹</span> 
     </span>
     <span class='ocr_line' id='line_1_14' title="bbox 256 1693 1349 1800; baseline -0.001 -35"><span class='ocrx_word' id='word_1_101' title='bbox 256 1705 387 1800; x_wconf 30' lang='lat' dir='ltr'>leodem</span> <span class='ocrx_word' id='word_1_102' title='bbox 415 1703 544 1780; x_wconf 86' lang='lat' dir='ltr'>Pippino</span> <span class='ocrx_word' id='word_1_103' title='bbox 573 1704 690 1764; x_wconf 86' lang='lat' dir='ltr'>invexit</span> <span class='ocrx_word' id='word_1_104' title='bbox 700 1705 721 1775; x_wconf 80' lang='lat'>2,</span> <span class='ocrx_word' id='word_1_105' title='bbox 748 1704 883 1781; x_wconf 85' lang='lat' dir='ltr'>indeque</span> <span class='ocrx_word' id='word_1_106' title='bbox 905 1721 982 1766; x_wconf 89' lang='lat' dir='ltr'>usus</span> <span class='ocrx_word' id='word_1_107' title='bbox 1010 1704 1077 1764; x_wconf 86' lang='lat' dir='ltr'>eius</span> <span class='ocrx_word' id='word_1_108' title='bbox 1101 1693 1192 1780; x_wconf 61' lang='lat' dir='ltr'>longe</span> <span class='ocrx_word' id='word_1_109' title='bbox 1216 1706 1349 1782; x_wconf 79' lang='lat' dir='ltr'>lateque</span> 
     </span>
     <span class='ocr_line' id='line_1_15' title="bbox 275 1807 441 1868; baseline -0.012 0"><span class='ocrx_word' id='word_1_110' title='bbox 275 1807 441 1868; x_wconf 83' lang='lat' dir='ltr'>convaluit</span> 
     </span>
    </p>
   </div>
   <div class='ocr_carea' id='block_1_3' title="bbox 705 1961 909 1968">
    <p class='ocr_par' dir='ltr' id='par_1_3' title="bbox 705 1961 909 1968">
     <span class='ocr_line' id='line_1_16' title="bbox 705 1961 909 1968; baseline -0.005 -1"><span class='ocrx_word' id='word_1_111' title='bbox 705 1961 909 1968; x_wconf 45' lang='grc' dir='ltr'>ᾐ-</span> 
     </span>
    </p>
   </div>
   <div class='ocr_carea' id='block_1_4' title="bbox 740 2148 878 2216">
    <p class='ocr_par' dir='ltr' id='par_1_4' title="bbox 740 2148 878 2216">
     <span class='ocr_line' id='line_1_17' title="bbox 740 2148 878 2216; baseline 0 0"><span class='ocrx_word' id='word_1_112' title='bbox 740 2148 878 2216; x_wconf 89' lang='lat' dir='ltr'>XXVII.</span> 
     </span>
    </p>
   </div>
   <div class='ocr_carea' id='block_1_5' title="bbox 351 2317 1264 2408">
    <p class='ocr_par' dir='ltr' id='par_1_5' title="bbox 351 2317 1264 2408">
     <span class='ocr_line' id='line_1_18' title="bbox 351 2317 1264 2408; baseline 0.002 -22"><span class='ocrx_word' id='word_1_113' title='bbox 351 2317 404 2386; x_wconf 84' lang='lat' dir='ltr'>De</span> <span class='ocrx_word' id='word_1_114' title='bbox 430 2317 585 2408; x_wconf 80' lang='lat' dir='ltr'>baptismi</span> <span class='ocrx_word' id='word_1_115' title='bbox 610 2319 813 2387; x_wconf 79' lang='lat' dir='ltr'>incremento</span> <span class='ocrx_word' id='word_1_116' title='bbox 840 2324 874 2387; x_wconf 80' lang='lat' dir='ltr'>el</span> <span class='ocrx_word' id='word_1_117' title='bbox 897 2318 1062 2387; x_wconf 76' lang='lat' dir='ltr'>mersione</span> <span class='ocrx_word' id='word_1_118' title='bbox 1088 2322 1122 2386; x_wconf 82' lang='lat' dir='ltr'>et</span> <span class='ocrx_word' id='word_1_119' title='bbox 1146 2320 1264 2388; x_wconf 75' lang='lat' dir='ltr'>caesar</span> 
     </span>
    </p>
   </div>
   <div class='ocr_carea' id='block_1_6' title="bbox 665 2436 949 2528">
    <p class='ocr_par' dir='ltr' id='par_1_6' title="bbox 665 2436 949 2528">
     <span class='ocr_line' id='line_1_19' title="bbox 665 2436 949 2528; baseline 0 -24"><span class='ocrx_word' id='word_1_120' title='bbox 665 2436 949 2528; x_wconf 75' lang='lat' dir='ltr'>baptizandorum.</span> 
     </span>
    </p>
   </div>
   <div class='ocr_carea' id='block_1_7' title="bbox 273 2637 1340 3124">
    <p class='ocr_par' dir='ltr' id='par_1_7' title="bbox 273 2637 1340 3124">
     <span class='ocr_line' id='line_1_20' title="bbox 337 2637 1334 2715; baseline 0.001 -19"><span class='ocrx_word' id='word_1_121' title='bbox 337 2638 382 2696; x_wconf 88' lang='lat' dir='ltr'>De</span> <span class='ocrx_word' id='word_1_122' title='bbox 414 2638 568 2713; x_wconf 85' lang='lat' dir='ltr'>baptismo</span> <span class='ocrx_word' id='word_1_123' title='bbox 598 2639 690 2698; x_wconf 90' lang='lat' dir='ltr'>etiam</span> <span class='ocrx_word' id='word_1_124' title='bbox 719 2639 851 2698; x_wconf 81' lang='lat' dir='ltr'>dicenda</span> <span class='ocrx_word' id='word_1_125' title='bbox 880 2647 953 2699; x_wconf 92' lang='lat' dir='ltr'>sunt</span> <span class='ocrx_word' id='word_1_126' title='bbox 981 2639 1102 2714; x_wconf 90' lang='lat' dir='ltr'>aliqua,</span> <span class='ocrx_word' id='word_1_127' title='bbox 1135 2637 1215 2715; x_wconf 93' lang='lat' dir='ltr'>quod</span> <span class='ocrx_word' id='word_1_128' title='bbox 1252 2655 1334 2714; x_wconf 87' lang='lat' dir='ltr'>prae—</span> 
     </span>
     <span class='ocr_line' id='line_1_21' title="bbox 273 2741 1339 2815; baseline -0.001 -15"><span class='ocrx_word' id='word_1_129' title='bbox 273 2741 439 2815; x_wconf 82' lang='lat' dir='ltr'>figuratum</span> <span class='ocrx_word' id='word_1_130' title='bbox 468 2741 497 2798; x_wconf 94' lang='lat' dir='ltr'>in</span> <span class='ocrx_word' id='word_1_131' title='bbox 528 2742 656 2800; x_wconf 85' lang='lat' dir='ltr'>transitu</span> <span class='ocrx_word' id='word_1_132' title='bbox 681 2742 775 2800; x_wconf 88' lang='lat' dir='ltr'>maris</span> <span class='ocrx_word' id='word_1_133' title='bbox 802 2741 887 2801; x_wconf 89' lang='lat' dir='ltr'>rubri</span> <span class='ocrx_word' id='word_1_134' title='bbox 910 2744 960 2801; x_wconf 84' lang='lat' dir='ltr'>vel</span> <span class='ocrx_word' id='word_1_135' title='bbox 983 2741 1147 2801; x_wconf 72' lang='lat' dir='ltr'>iordanisi</span> <span class='ocrx_word' id='word_1_136' title='bbox 1167 2741 1339 2811; x_wconf 74' lang='lat' dir='ltr'>manifeste,</span> 
     </span>
     <span class='ocr_line' id='line_1_22' title="bbox 273 2841 1340 2920; baseline -0.001 -17"><span class='ocrx_word' id='word_1_137' title='bbox 273 2843 426 2903; x_wconf 84' lang='lat' dir='ltr'>seoretius</span> <span class='ocrx_word' id='word_1_138' title='bbox 450 2849 551 2902; x_wconf 88' lang='lat' dir='ltr'>autem</span> <span class='ocrx_word' id='word_1_139' title='bbox 577 2843 644 2903; x_wconf 90' lang='lat' dir='ltr'>aliis</span> <span class='ocrx_word' id='word_1_140' title='bbox 668 2843 771 2903; x_wconf 90' lang='lat' dir='ltr'>multis</span> <span class='ocrx_word' id='word_1_141' title='bbox 795 2841 901 2917; x_wconf 77' lang='lat' dir='ltr'>figuris</span> <span class='ocrx_word' id='word_1_142' title='bbox 930 2845 1184 2920; x_wconf 62' lang='lat' dir='ltr'>praesignatum&amp;</span> <span class='ocrx_word' id='word_1_143' title='bbox 1207 2859 1340 2918; x_wconf 79' lang='lat' dir='ltr'>eognos-</span> 
     </span>
     <span class='ocr_line' id='line_1_23' title="bbox 273 2945 1339 3020; baseline -0.003 -15"><span class='ocrx_word' id='word_1_144' title='bbox 273 2947 359 3006; x_wconf 90' lang='lat' dir='ltr'>eitur.</span> <span class='ocrx_word' id='word_1_145' title='bbox 402 2946 469 3004; x_wconf 88' lang='lat' dir='ltr'>Hoe</span> <span class='ocrx_word' id='word_1_146' title='bbox 492 2946 623 3006; x_wconf 89' lang='lat' dir='ltr'>loannes</span> <span class='ocrx_word' id='word_1_147' title='bbox 653 2946 771 3019; x_wconf 91' lang='lat' dir='ltr'>primus</span> <span class='ocrx_word' id='word_1_148' title='bbox 798 2945 883 3004; x_wconf 86' lang='lat' dir='ltr'>initio</span> <span class='ocrx_word' id='word_1_149' title='bbox 915 2961 1015 3006; x_wconf 88' lang='lat' dir='ltr'>novae</span> <span class='ocrx_word' id='word_1_150' title='bbox 1045 2947 1162 3020; x_wconf 80' lang='lat' dir='ltr'>gratiae</span> <span class='ocrx_word' id='word_1_151' title='bbox 1186 2945 1225 3004; x_wconf 90' lang='lat' dir='ltr'>ad</span> <span class='ocrx_word' id='word_1_152' title='bbox 1249 2945 1339 3004; x_wconf 87' lang='lat' dir='ltr'>iidem</span> 
     </span>
     <span class='ocr_line' id='line_1_24' title="bbox 273 3046 1340 3124; baseline -0.002 -17"><span class='ocrx_word' id='word_1_153' title='bbox 273 3047 387 3108; x_wconf 83' lang='lat' dir='ltr'>Christi</span> <span class='ocrx_word' id='word_1_154' title='bbox 411 3047 572 3109; x_wconf 78' lang='lat' dir='ltr'>conversis</span> <span class='ocrx_word' id='word_1_155' title='bbox 596 3048 731 3114; x_wconf 86' lang='lat' dir='ltr'>ostendit</span> <span class='ocrx_word' id='word_1_156' title='bbox 751 3063 811 3106; x_wconf 93' lang='lat' dir='ltr'>non</span> <span class='ocrx_word' id='word_1_157' title='bbox 834 3063 892 3107; x_wconf 89' lang='lat' dir='ltr'>sua</span> <span class='ocrx_word' id='word_1_158' title='bbox 906 3047 1134 3124; x_wconf 87' lang='lat' dir='ltr'>adinventione,</span> <span class='ocrx_word' id='word_1_159' title='bbox 1158 3046 1212 3106; x_wconf 83' lang='lat' dir='ltr'>sed</span> <span class='ocrx_word' id='word_1_160' title='bbox 1237 3046 1340 3107; x_wconf 88' lang='lat' dir='ltr'>divina</span> 
     </span>
    </p>
   </div>
   <div class='ocr_carea' id='block_1_8' title="bbox 271 3201 1411 3450">
    <p class='ocr_par' dir='ltr' id='par_1_8' title="bbox 271 3201 1411 3450">
     <span class='ocr_line' id='line_1_25' title="bbox 341 3201 1411 3282; baseline 0.001 -18"><span class='ocrx_word' id='word_1_161' title='bbox 341 3213 353 3240; x_wconf 75' lang='lat'>³</span> <span class='ocrx_word' id='word_1_162' title='bbox 371 3229 393 3274; x_wconf 84' lang='lat' dir='ltr'>e,</span> <span class='ocrx_word' id='word_1_163' title='bbox 411 3213 525 3278; x_wconf 87' lang='lat' dir='ltr'>quidam,</span> <span class='ocrx_word' id='word_1_164' title='bbox 544 3213 607 3266; x_wconf 91' lang='lat' dir='ltr'>mlh.</span> <span class='ocrx_word' id='word_1_165' title='bbox 621 3213 754 3282; x_wconf 74' lang='lat' dir='ltr'>quiddam.</span> <span class='ocrx_word' id='word_1_166' title='bbox 773 3243 805 3251; x_wconf 93' lang='lat'><em>-</em></span> <span class='ocrx_word' id='word_1_167' title='bbox 824 3201 836 3240; x_wconf 72' lang='lat' dir='ltr'>b</span> <span class='ocrx_word' id='word_1_168' title='bbox 854 3228 876 3274; x_wconf 83' lang='lat' dir='ltr'>e,</span> <span class='ocrx_word' id='word_1_169' title='bbox 895 3230 945 3264; x_wconf 93' lang='lat' dir='ltr'>om.</span> <span class='ocrx_word' id='word_1_170' title='bbox 963 3220 995 3277; x_wconf 81' lang='lat' dir='ltr'>el,</span> <span class='ocrx_word' id='word_1_171' title='bbox 1015 3213 1078 3264; x_wconf 87' lang='lat' dir='ltr'>mlh.</span> <span class='ocrx_word' id='word_1_172' title='bbox 1096 3228 1202 3279; x_wconf 89' lang='lat' dir='ltr'>suoque.</span> <span class='ocrx_word' id='word_1_173' title='bbox 1220 3243 1255 3250; x_wconf 91' lang='lat'><strong>—</strong></span> <span class='ocrx_word' id='word_1_174' title='bbox 1273 3213 1284 3241; x_wconf 80' lang='lat'>⁰</span> <span class='ocrx_word' id='word_1_175' title='bbox 1302 3230 1341 3277; x_wconf 88' lang='lat' dir='ltr'>oe,</span> <span class='ocrx_word' id='word_1_176' title='bbox 1409 3227 1411 3232; x_wconf 88' lang='lat'>·</span> 
     </span>
     <span class='ocr_line' id='line_1_26' title="bbox 271 3284 1340 3364; baseline -0.001 -16"><span class='ocrx_word' id='word_1_177' title='bbox 271 3305 350 3364; x_wconf 86' lang='lat' dir='ltr'>pater.</span> <span class='ocrx_word' id='word_1_178' title='bbox 378 3327 420 3360; x_wconf 86' lang='grc'>-,</span> <span class='ocrx_word' id='word_1_179' title='bbox 436 3285 451 3326; x_wconf 77' lang='lat'>‘¹</span> <span class='ocrx_word' id='word_1_180' title='bbox 469 3299 537 3354; x_wconf 88' lang='lat' dir='ltr'>mlh.¹</span> <span class='ocrx_word' id='word_1_181' title='bbox 551 3299 674 3364; x_wconf 85' lang='lat' dir='ltr'>patribus.</span> <span class='ocrx_word' id='word_1_182' title='bbox 698 3327 731 3336; x_wconf 87' lang='lat'>-</span> <span class='ocrx_word' id='word_1_183' title='bbox 758 3297 769 3324; x_wconf 56' lang='grc' dir='ltr'>θ</span> <span class='ocrx_word' id='word_1_184' title='bbox 788 3315 825 3362; x_wconf 88' lang='lat' dir='ltr'>oe,</span> <span class='ocrx_word' id='word_1_185' title='bbox 843 3314 909 3363; x_wconf 87' lang='lat' dir='ltr'>pene</span> <span class='ocrx_word' id='word_1_186' title='bbox 927 3300 986 3350; x_wconf 88' lang='lat' dir='ltr'>iam.</span> <span class='ocrx_word' id='word_1_187' title='bbox 1010 3329 1043 3336; x_wconf 86' lang='lat'><strong>—</strong></span> <span class='ocrx_word' id='word_1_188' title='bbox 1061 3284 1072 3325; x_wconf 82' lang='lat' dir='ltr'><strong>f</strong></span> <span class='ocrx_word' id='word_1_189' title='bbox 1088 3315 1126 3362; x_wconf 87' lang='lat' dir='ltr'>oe,</span> <span class='ocrx_word' id='word_1_190' title='bbox 1144 3299 1288 3362; x_wconf 86' lang='lat' dir='ltr'>inprimis.</span> <span class='ocrx_word' id='word_1_191' title='bbox 1307 3327 1340 3336; x_wconf 90' lang='lat'>-</span> 
     </span>
     <span class='ocr_line' id='line_1_27' title="bbox 273 3383 568 3450; baseline 0.007 -16"><span class='ocrx_word' id='word_1_192' title='bbox 273 3383 289 3426; x_wconf 65' lang='grc' dir='ltr'>ὅ</span> <span class='ocrx_word' id='word_1_193' title='bbox 305 3399 343 3446; x_wconf 85' lang='lat' dir='ltr'>oe,</span> <span class='ocrx_word' id='word_1_194' title='bbox 361 3385 568 3450; x_wconf 82' lang='lat' dir='ltr'>praefiguratum.</span> 
     </span>
    </p>
   </div>
   <div class='ocr_carea' id='block_1_9' title="bbox 271 3535 1340 3941">
    <p class='ocr_par' dir='ltr' id='par_1_9' title="bbox 272 3535 1338 3676">
     <span class='ocr_line' id='line_1_28' title="bbox 272 3535 1338 3603; baseline -0.002 -15"><span class='ocrx_word' id='word_1_195' title='bbox 272 3537 353 3598; x_wconf 77' lang='lat' dir='ltr'>datur,</span> <span class='ocrx_word' id='word_1_196' title='bbox 372 3542 399 3587; x_wconf 90' lang='lat' dir='ltr'>ut</span> <span class='ocrx_word' id='word_1_197' title='bbox 417 3539 487 3588; x_wconf 92' lang='lat' dir='ltr'>omni</span> <span class='ocrx_word' id='word_1_198' title='bbox 505 3537 669 3589; x_wconf 88' lang='lat' dir='ltr'>hebdomada</span> <span class='ocrx_word' id='word_1_199' title='bbox 680 3536 829 3603; x_wconf 81' lang='lat' dir='ltr'>psalterium</span> <span class='ocrx_word' id='word_1_200' title='bbox 841 3553 873 3588; x_wconf 88' lang='lat' dir='ltr'>ex</span> <span class='ocrx_word' id='word_1_201' title='bbox 885 3537 985 3600; x_wconf 83' lang='lat' dir='ltr'>integro</span> <span class='ocrx_word' id='word_1_202' title='bbox 998 3552 1104 3588; x_wconf 85' lang='lat' dir='ltr'>numero</span> <span class='ocrx_word' id='word_1_203' title='bbox 1119 3538 1166 3589; x_wconf 85' lang='lat'>150</span> <span class='ocrx_word' id='word_1_204' title='bbox 1178 3535 1338 3602; x_wconf 83' lang='lat' dir='ltr'>psalmorum</span> 
     </span>
     <span class='ocr_line' id='line_1_29' title="bbox 289 3621 418 3676; baseline -0.008 -5"><span class='ocrx_word' id='word_1_205' title='bbox 289 3621 418 3676; x_wconf 83' lang='lat' dir='ltr'>sallalur,“</span> 
     </span>
    </p>

    <p class='ocr_par' dir='ltr' id='par_1_10' title="bbox 271 3637 1340 3941">
     <span class='ocr_line' id='line_1_30' title="bbox 271 3637 1339 3772; baseline 0 -16"><span class='ocrx_word' id='word_1_206' title='bbox 271 3637 287 3687; x_wconf 74' lang='lat' dir='ltr'>p</span> <span class='ocrx_word' id='word_1_207' title='bbox 343 3709 351 3743; x_wconf 92' lang='lat'><strong>¹</strong></span> <span class='ocrx_word' id='word_1_208' title='bbox 371 3705 516 3770; x_wconf 80' lang='lat' dir='ltr'>Stephanus</span> <span class='ocrx_word' id='word_1_209' title='bbox 534 3704 571 3768; x_wconf 93' lang='lat' dir='ltr'>lll,</span> <span class='ocrx_word' id='word_1_210' title='bbox 585 3708 727 3767; x_wconf 76' lang='lat'>752-757,</span> <span class='ocrx_word' id='word_1_211' title='bbox 745 3706 789 3757; x_wconf 83' lang='lat' dir='ltr'>alr.</span> <span class='ocrx_word' id='word_1_212' title='bbox 807 3707 834 3760; x_wconf 88' lang='lat' dir='ltr'>L.</span> <span class='ocrx_word' id='word_1_213' title='bbox 847 3722 871 3772; x_wconf 92' lang='lat' dir='ltr'>p.</span> <span class='ocrx_word' id='word_1_214' title='bbox 883 3705 1048 3767; x_wconf 83' lang='lat' dir='ltr'>Duobesnel,</span> <span class='ocrx_word' id='word_1_215' title='bbox 1061 3721 1084 3771; x_wconf 86' lang='lat' dir='ltr'>p.</span> <span class='ocrx_word' id='word_1_216' title='bbox 1098 3709 1156 3760; x_wconf 86' lang='grc'><strong>446.</strong></span> <span class='ocrx_word' id='word_1_217' title='bbox 1168 3735 1207 3751; x_wconf 68' lang='lat'>.-</span> <span class='ocrx_word' id='word_1_218' title='bbox 1228 3707 1238 3742; x_wconf 84' lang='lat'><strong>²</strong></span> <span class='ocrx_word' id='word_1_219' title='bbox 1256 3706 1339 3756; x_wconf 87' lang='lat' dir='ltr'>Huius</span> 
     </span>
     <span class='ocr_line' id='line_1_31' title="bbox 272 3789 1340 3856; baseline 0.001 -16"><span class='ocrx_word' id='word_1_220' title='bbox 272 3791 313 3848; x_wconf 86' lang='lat' dir='ltr'>rei¹</span> <span class='ocrx_word' id='word_1_221' title='bbox 321 3789 427 3842; x_wconf 88' lang='lat' dir='ltr'>Carolus</span> <span class='ocrx_word' id='word_1_222' title='bbox 438 3790 472 3844; x_wconf 88' lang='lat' dir='ltr'>M.</span> <span class='ocrx_word' id='word_1_223' title='bbox 484 3792 538 3856; x_wconf 85' lang='lat' dir='ltr'>ipse</span> <span class='ocrx_word' id='word_1_224' title='bbox 551 3796 589 3842; x_wconf 87' lang='lat' dir='ltr'>est</span> <span class='ocrx_word' id='word_1_225' title='bbox 605 3791 676 3842; x_wconf 81' lang='lat' dir='ltr'>lestis</span> <span class='ocrx_word' id='word_1_226' title='bbox 694 3790 910 3856; x_wconf 83' lang='lat' dir='ltr'>locupletissimus</span> <span class='ocrx_word' id='word_1_227' title='bbox 928 3793 955 3842; x_wconf 92' lang='lat' dir='ltr'>in</span> <span class='ocrx_word' id='word_1_228' title='bbox 966 3791 1067 3842; x_wconf 90' lang='lat' dir='ltr'>duobus</span> <span class='ocrx_word' id='word_1_229' title='bbox 1083 3793 1137 3842; x_wconf 87' lang='lat' dir='ltr'>suis</span> <span class='ocrx_word' id='word_1_230' title='bbox 1148 3789 1340 3855; x_wconf 75' lang='lat' dir='ltr'>capitularibus.</span> 
     </span>
     <span class='ocr_line' id='line_1_32' title="bbox 272 3873 1305 3941; baseline 0.002 -15"><span class='ocrx_word' id='word_1_231' title='bbox 272 3873 321 3926; x_wconf 87' lang='lat' dir='ltr'>Cir.</span> <span class='ocrx_word' id='word_1_232' title='bbox 339 3874 372 3926; x_wconf 90' lang='lat' dir='ltr'>M.</span> <span class='ocrx_word' id='word_1_233' title='bbox 391 3874 419 3926; x_wconf 88' lang='lat' dir='ltr'>G.</span> <span class='ocrx_word' id='word_1_234' title='bbox 437 3875 488 3940; x_wconf 83' lang='lat' dir='ltr'>leg.</span> <span class='ocrx_word' id='word_1_235' title='bbox 505 3875 523 3938; x_wconf 92' lang='lat'>1,</span> <span class='ocrx_word' id='word_1_236' title='bbox 542 3891 601 3941; x_wconf 82' lang='lat' dir='ltr'>pag.</span> <span class='ocrx_word' id='word_1_237' title='bbox 620 3879 652 3930; x_wconf 86' lang='lat'>45</span> <span class='ocrx_word' id='word_1_238' title='bbox 671 3881 695 3926; x_wconf 89' lang='lat' dir='ltr'>el</span> <span class='ocrx_word' id='word_1_239' title='bbox 711 3877 752 3927; x_wconf 88' lang='grc'>66.</span> <span class='ocrx_word' id='word_1_240' title='bbox 770 3905 803 3916; x_wconf 87' lang='lat'>-</span> <span class='ocrx_word' id='word_1_241' title='bbox 822 3879 833 3914; x_wconf 86' lang='lat'>³</span> <span class='ocrx_word' id='word_1_242' title='bbox 851 3876 931 3928; x_wconf 86' lang='lat' dir='ltr'>Exod.</span> <span class='ocrx_word' id='word_1_243' title='bbox 949 3875 1014 3939; x_wconf 82' lang='lat' dir='ltr'>xlv,</span> <span class='ocrx_word' id='word_1_244' title='bbox 1028 3878 1068 3928; x_wconf 82' lang='lat'>21.</span> <span class='ocrx_word' id='word_1_245' title='bbox 1086 3876 1138 3927; x_wconf 90' lang='lat' dir='ltr'>Jos.</span> <span class='ocrx_word' id='word_1_246' title='bbox 1150 3875 1189 3940; x_wconf 88' lang='lat' dir='ltr'>lli,</span> <span class='ocrx_word' id='word_1_247' title='bbox 1208 3879 1240 3928; x_wconf 61' lang='lat'>152</span> <span class='ocrx_word' id='word_1_248' title='bbox 1248 3891 1305 3941; x_wconf 82' lang='lat' dir='ltr'>sqq.</span> 
     </span>
    </p>
   </div>
   <div class='ocr_carea' id='block_1_10' title="bbox 0 0 1482 4766">
    <p class='ocr_par' dir='ltr' id='par_1_11' title="bbox 0 0 1482 4766">
     <span class='ocr_line' id='line_1_33' title="bbox 0 0 1482 4766; baseline 0 0"><span class='ocrx_word' id='word_1_249' title='bbox 0 0 1482 4766; x_wconf 95' lang='lat' dir='ltr'> </span> 
     </span>
    </p>
   </div>
  </div>
 </body>
</html>
