2956 4766
578 393 790 452 ..65-

148 567 179 620 et
202 563 339 622 societas
361 560 525 637 flagitatur,
549 562 671 623 duobus
693 563 721 622 in
746 562 821 622 locis
850 563 954 636 posita
975 563 1219 637 repperiuntur.1

147 663 216 724 Non
239 665 320 724 enim
343 679 452 722 verum
476 670 536 736 est,
561 663 796 740 quodquidam
824 663 940 732 dicunt,
970 663 1041 724 ideo
1068 663 1147 726 duos
1171 681 1219 725 or-

148 767 238 827 dines
270 767 425 827 nominum
457 767 499 826 ibi
526 767 637 836 iactos
668 768 742 841 quia
774 766 927 840 posterius
959 766 1052 841 positi
1083 767 1218 827 nondum

148 869 289 928 coronati
318 868 458 938 luissent,
489 851 558 929 curn
586 869 706 943 priores
736 871 765 928 in
797 869 849 927 illo
874 883 994 927 canone
1020 876 1219 942 ponerentur,

148 986 218 1029 curn
236 971 372 1030 sciamus
395 971 543 1030 loannem
561 970 732 1047 Baptistam
755 971 832 1045 ipsis
849 969 1000 1045 apostolis
1017 985 1078 1029 non
1100 976 1219 1032 tanturn

147 1089 253 1147 parem
275 1079 427 1152 tempore,
450 1089 558 1132 verum
580 1077 611 1132 et
632 1073 775 1148 priorem,
799 1069 994 1146 Stephanum
1014 1088 1089 1133 vero
1111 1090 1217 1149 parem

148 1183 178 1234 et
204 1181 372 1252 utrumque
399 1181 471 1236 ante
501 1175 662 1250 apostolos
688 1182 885 1247 coronatum,
917 1180 1060 1234 caeteros
1084 1191 1220 1250 quoque,

148 1277 201 1352 qui
222 1277 252 1335 in
277 1277 421 1354 sequenti
444 1272 553 1336 ordine
575 1281 784 1344 numerantur,
808 1276 927 1334 eisdem
950 1275 1049 1334 luisse
1073 1278 1220 1352 tempori-

147 1378 217 1453 hus,
249 1379 364 1452 quibus
394 1380 479 1438 luere
512 1379 564 1452 qui
596 1378 683 1454 prius
714 1382 788 1436 sunt
819 1378 920 1452 positi.
966 1377 1055 1438 Unde
1086 1384 1220 1452 constat,

147 1488 318 1556 sequentes
342 1481 495 1540 ecclesiae
512 1480 656 1540 doctores
679 1480 813 1554 antiquis
838 1487 959 1554 patrum
978 1482 1114 1553 statutis
1139 1496 1221 1557 quae

148 1598 287 1659 congruo
308 1585 378 1643 risa
400 1591 487 1655 sunt,
516 1583 691 1652 addidisse,
722 1589 756 1641 ut
778 1583 859 1641 sicut
883 1583 1096 1658 religiosorum
1130 1590 1222 1643 aucta

147 1691 198 1744 est
213 1686 385 1758 multitudo,
407 1685 451 1744 ita
466 1691 496 1744 et
518 1685 677 1759 religionis
693 1698 869 1744 crescerem
891 1686 1040 1744 instituta.
1086 1686 1220 1746 Primam

146 1802 222 1846 vero
246 1793 364 1862 partem
387 1788 518 1846 canonis
541 1787 688 1860 praedicti
711 1801 751 1845 ex
772 1801 810 1844 eo
827 1787 876 1845 vel
901 1787 1035 1846 maxime
1058 1788 1219 1862 antiquam

147 1901 220 1947 esse
243 1888 471 1960 cognoscimus
503 1890 576 1964 quia
606 1890 636 1948 in
660 1897 715 1948 caa
738 1887 813 1947 ordo
843 1889 1054 1961 apostolorum
1088 1905 1149 1948 non
1179 1891 1221 1948 ita

148 1995 197 2049 est
220 1989 353 2064 positus
384 1991 463 2050 siout
492 1991 523 2050 in
547 1989 813 2049 emendatioribus
846 1990 1018 2062 evangeliis
1048 1990 1220 2064 invenitnr3

148 2091 236 2168 quod
259 2093 330 2151 ideo
354 2091 490 2152 fortasse
513 2093 631 2164 evenit,
659 2093 731 2167 quia
758 2107 831 2166 pars
859 2091 911 2150 illa
938 2092 1024 2166 prius
1049 2093 1222 2166 composita

147 2201 198 2254 est
220 2209 315 2270 qnam
336 2194 498 2269 evangelia
519 2193 558 2251 ad
582 2209 651 2254 eam
666 2194 829 2252 veritatem
837 2189 856 2264 ¹³,
881 2208 961 2268 quae
983 2209 1065 2252 nunc
1088 2192 1222 2253 habetur

147 2295 233 2372 apud
255 2295 393 2369 Latinos,
417 2298 655 2371 corrigerentur.
699 2297 732 2354 ln
757 2295 911 2372 prioribus
929 2295 1009 2354 enim
1026 2295 1222 2369 editionibus,

147 2408 183 2460 ut
197 2399 395 2458 Hieronimus
418 2400 507 2460 testis
522 2405 579 2470 est,
604 2415 665 2458 non
685 2398 786 2458 solum
803 2398 1064 2472 evangelistarum
1083 2403 1222 2459 mutatus

149 2503 237 2578 ordo,
269 2501 327 2560 sed
356 2501 447 2560 etiam
476 2500 645 2562 verborum
676 2506 706 2558 et
737 2501 958 2560 sententiarum
992 2506 1062 2560 erat
1093 2501 1224 2561 confusa

149 2603 340 2665 commixtio.
391 2605 578 2678 Alexander,
601 2605 752 2680 septimus
770 2617 852 2679 papa
870 2603 900 2660 in
917 2603 1076 2675 numer02,
1100 2604 1224 2663 miscuit

219 2771 231 2798 ³
250 2771 289 2820 Μ1
308 2775 331 2821 et
350 2786 387 2833 oe,
405 2787 443 2822 eo.
463 2800 496 2808 —
515 2761 527 2797 ¹³
546 2785 568 2831 c,
586 2771 715 2822 virtulem.

223 2923 363 2974 ¹Primam
391 2925 482 2974 seriem
509 2929 655 2974 sanctorum
683 2925 774 2975 canoni
801 2925 893 2974 missae
915 2925 1035 2974 insertam
1058 2926 1173 2976 invenies
1197 2926 1225 2975 in

149 3009 274 3068 oratione,
292 3008 468 3074 quaedicitur
488 3009 568 3070 „inira
592 3010 732 3059 actionem“
752 3006 992 3078 (communicantes)
1014 3013 1038 3058 et
1059 3007 1163 3060 exhibet
1180 3007 1225 3059 illa

149 3093 215 3146 haec
238 3095 357 3144 nomina:
381 3109 401 3144 s.
421 3094 526 3144 Mariam
545 3094 695 3158 Virginem,
719 3095 856 3146 duodecim
878 3093 1006 3160 apostolos
1027 3109 1086 3145 cum
1110 3095 1225 3159 apostolo

149 3177 232 3228 Paulo
256 3179 352 3227 omisso
377 3176 483 3227 Matthia
505 3182 529 3228 el
552 3178 688 3248 duodecim
713 3183 852 3244 martyres,
878 3179 943 3228 inter
969 3194 1033 3243 quos
1059 3179 1226 3230 inveniuntur

150 3264 266 3329 quinque
278 3262 410 3327 pontifices
423 3264 531 3314 romani.
563 3262 630 3313 Ordo
643 3263 817 3328 apostolorum
830 3265 857 3314 in
870 3278 966 3314 canone
978 3263 1055 3328 plane
1067 3265 1133 3315 elius
1147 3270 1185 3315 est
1194 3280 1225 3316 ac

149 3351 301 3401 invenimus
318 3364 379 3398 eum
396 3348 423 3398 in
441 3363 512 3398 sacra
524 3349 655 3412 scriptura,
674 3349 718 3400 ubi
731 3348 775 3398 ille
787 3352 876 3414 quater
888 3347 1043 3398 exhibeturr·
1053 3347 1139 3398 Matlh.
1151 3347 1182 3412 X,
1195 3347 1225 3417 ik

152 3433 231 3485 Marc.
249 3433 287 3496 lll,
308 3435 349 3494 16;
368 3432 430 3485 Luc.
448 3433 492 3496 Vl,
513 3437 556 3494 14;
576 3436 632 3484 Aci.
651 3433 667 3496 l,
689 3436 731 3494 13;
754 3435 866 3483 maxime
884 3433 993 3498 quadrat
1010 3435 1088 3485 series
1106 3450 1144 3498 op.
1164 3434 1226 3484 Luc.

151 3519 276 3580 exhibita,
299 3519 343 3570 ubi
365 3519 471 3570 nomina
494 3517 610 3569 Thornae
635 3523 659 3568 et
676 3518 759 3570 lacobi
782 3523 880 3568 tantum
903 3519 1072 3569 invertuntur.
1107 3515 1228 3574 Secunda

91 3631 95 3639 ·
151 3606 232 3656 series
244 3609 302 3669 post
314 3602 583 3654 commemorationem
596 3620 641 3668 pro
655 3603 780 3654 defunctis
792 3601 899 3668 (‚‚Nobis
911 3617 1013 3668 quoque
1025 3599 1229 3670 peccatoribus“)

152 3691 264 3741 continet
291 3689 439 3755 quindecim
466 3689 572 3739 nomina
598 3695 753 3740 sanctorum.
797 3687 847 3740 Clr.
870 3688 906 3739 De
933 3688 974 3739 his
997 3687 1101 3748 sanctis,
1129 3686 1173 3750 qul
1200 3686 1227 3735 in

152 3789 252 3825 canone
272 3775 364 3826 missae
382 3779 624 3835 commemorantur,
643 3774 740 3833 Helela
758 3775 876 3838 Beitr'age
893 3790 938 3824 zur
955 3769 1228 3835 Kirchengeschichte,

154 3859 330 3924 Archdologie
347 3860 402 3910 und
423 3860 542 3926 Liturgilr
560 3859 589 3919 ll,
607 3875 631 3923 p.
651 3861 708 3910 276.
726 3887 760 3896 -
780 3861 791 3896 ²
808 3857 958 3910 Alexander
980 3862 1032 3908 erat
1050 3860 1136 3908 sexius
1160 3869 1228 3920 papa

153 3949 179 3996 et
196 3944 383 3994 administravit
403 3946 577 4009 pontificatum
596 3958 616 3994 c.
638 3945 778 3995 105—115.

206 4025 355 4082 Kndpsler‚
368 4026 485 4070 Walalridi
500 4027 572 4070 Strah.
587 4027 641 4070 liber
656 4027 682 4067 de
696 4025 794 4068 exordiis
808 4031 848 4068 etc.
1008 4029 1022 4077 5
