2896 4828
585 409 824 456 -XIII-

171 574 253 651 quod
283 572 421 632 inomni
452 586 554 630 rerum
586 569 764 630 discrimine
793 569 938 645 omnique
968 572 1090 630 fortuna
1118 585 1243 646 semper

172 691 266 752 quarn
293 673 527 750 religiosissime
555 671 648 732 tidem
680 672 826 734 servavit.
878 672 954 734 Cum
984 672 1087 732 multis
1118 687 1242 749 quoque

172 777 240 836 aliis
263 776 406 853 personis
430 775 578 850 dignitate
595 776 773 850 conspicuis
796 791 851 848 per
870 773 960 834 aulici
983 775 1142 834 convictus
1166 781 1243 834 tem-

173 895 251 956 pora
272 878 459 938 familiariter
482 882 689 938 conversatus
713 881 769 948 est,
800 893 817 935 e
841 893 969 953 quorum
994 892 1121 936 numero
1145 876 1244 935 nomi-

173 981 267 1040 nandi
294 987 367 1040 sunt
395 980 514 1056 Drogo,
550 980 644 1037 irater
673 979 884 1054 imperatorie,
914 979 1120 1055 imperatricis
1151 980 1245 1038 irater

173 1099 279 1144 conres
313 1080 474 1143 conradus
507 1076 641 1154 eiusque
675 1079 791 1156 coniux
823 1079 1021 1153 Adelheidis,
1057 1081 1244 1157 Agobardus

171 1184 377 1260 lugdunensis
415 1182 686 1258 archiepiscopus,
727 1181 892 1257 episcopus
930 1182 1093 1243 Modoinus
1131 1183 1244 1259 aliique

172 1287 275 1346 clerici
298 1292 329 1345 et
351 1299 499 1361 proceres
523 1299 583 1341 non
609 1281 699 1356 pauci
721 1289 886 1344 versantes
910 1284 939 1342 in
964 1285 1044 1357 aula,
1069 1273 1245 1360 quoscog·

172 1389 316 1449 novimus
341 1402 450 1448 omnes
473 1402 514 1444 ex
536 1383 723 1444 carminibus
747 1385 957 1446 aWalalrido
981 1386 1020 1444 ad
1044 1387 1114 1447 illos
1138 1386 1246 1446 datis.1

173 1494 265 1550 Anno
295 1495 399 1549 autem
423 1487 494 1556 838,
526 1502 587 1561 quo
611 1485 740 1546 Carolus
771 1487 839 1547 eius
869 1490 1014 1549 alumnus
1042 1488 1145 1563 gladio
1174 1504 1246 1547 sue-

174 1593 293 1652 eiuctus
323 1590 488 1651 Neustriae
517 1587 604 1663 regni
633 1589 847 1663 gubernacula
877 1589 1029 1665 suscepit,
1054 1589 1245 1649 Walalridus

174 1709 302 1754 munere
336 1692 476 1767 magistri
513 1692 695 1769 perfunctus
729 1691 925 1776 imperatoris
959 1693 1060 1766 gratia
1093 1691 1246 1766 Aegiensi

171 1796 359 1856 monasterio
390 1795 489 1854 abbas
522 1800 570 1853 est
603 1794 780 1869 praefectus
816 1810 885 1853 oum
916 1793 1101 1853 Erlebaldus
1136 1800 1247 1869 sponte

171 1898 322 1974 regimine
338 1912 373 1957 se
392 1894 595 1955 abdicasset.²
639 1895 789 1970 Magnum
813 1901 843 1954 et
866 1895 1019 1970 insignem
1041 1893 1123 1954 hunc
1145 1897 1246 1954 locum

171 2005 205 2058 ut
228 1999 345 2058 diutius
364 1998 467 2072 quiete
490 2003 621 2072 teneret,
643 1998 671 2056 ei
695 2015 755 2058 non
780 1997 915 2070 contigit.
961 1996 1077 2055 Exorta
1099 1997 1181 2056 enim
1198 1996 1249 2056 illa

173 2104 298 2160 funesta
321 2100 359 2158 de
382 2098 512 2174 imperio
536 2097 735 2156 contentione
761 2099 841 2156 inter
869 2097 1090 2172 imperatorem
1119 2097 1248 2172 eiusque

174 2201 254 2260 filios
284 2217 354 2261 curn
375 2199 570 2259 Walairldus
602 2214 621 2257 a
651 2199 792 2273 partibus
816 2198 966 2259 Ludovici
993 2198 1189 2273 imperatoris
1218 2205 1249 2260 et

174 2307 246 2376 post
268 2299 361 2360 huius
386 2308 514 2359 mortem
540 2301 727 2374 inopinatam
745 2299 881 2360 Lotharii
905 2307 1002 2360 staret
1011 2301 1032 2374 ³,
1056 2301 1247 2363 aLudovico

172 2419 258 2478 roge,
281 2403 333 2479 qui
352 2404 568 2462 Alamanniam
594 2403 707 2462 infesto
731 2402 1036 2476 1111111111111113114,
1060 2407 1247 2464 monasterio

243 2607 252 2640 ¹
270 2603 320 2655 cn.
339 2603 436 2668 Migne‚
454 2603 470 2654 l.
484 2619 505 2655 c.
517 2620 542 2669 p.
563 2606 628 2657 1089
639 2618 694 2669 sqq.
713 2632 747 2640 —
767 2604 778 2640 ²
796 2601 970 2665 „Erelcbadus
988 2605 1064 2654 cessit
1080 2610 1104 2656 et
1120 2605 1249 2657 Walafrid

170 2688 323 2738 constitutus
342 2692 402 2738 est.“
439 2688 535 2740 Annal.
553 2690 668 2754 Augien.
687 2689 720 2739 ad
738 2703 798 2740 ann.
817 2689 874 2742 838.
911 2688 945 2740 Μ.
964 2687 992 2739 G.
1013 2687 1060 2740 SS.
1078 2689 1096 2752 l,
1115 2693 1156 2743 68.
1184 2690 1248 2741 dalle

172 2769 287 2824 llonum.
305 2771 421 2836 Mogunt.
440 2773 571 2840 (Biblioth.
584 2791 632 2825 rer.
645 2789 727 2838 germ.
740 2779 757 2822 t.
770 2770 821 2839 ΙΙΙ),
839 2788 863 2838 p.
877 2774 935 2825 163.
970 2773 1027 2824 Duo
1045 2775 1151 2839 insuper
1168 2775 1249 2826 docu-

172 2858 259 2902 menta
280 2869 342 2906 ann.
362 2858 410 2908 839
434 2856 485 2924 (21.
503 2858 587 2923 April.
611 2864 635 2910 et
653 2861 694 2912 20.
711 2857 782 2926 Jun.)
803 2862 905 2908 exarata
928 2858 996 2910 clare
1018 2858 1167 2920 ostendunt,
1191 2865 1251 2911 tunc

171 2929 296 3000 temporis
315 2943 462 2992 monasterii
481 2941 731 3004 „sindleozesauuar
750 2940 873 3006 appellati
884 2942 1059 2994 Walairidum
1077 2945 1156 2995 luisse
1172 2960 1250 2995 vene-

170 3020 279 3071 rabilem
307 3022 436 3076 abbatem.
478 3026 527 3078 Cir.
555 3027 664 3093 Diimge',
694 3026 806 3090 Regcsta
830 3027 967 3080 Badensia.
1011 3027 1148 3080 Carlsruhe
1176 3030 1250 3090 1836,

169 3119 195 3169 p.
214 3107 248 3158 68
266 3110 292 3157 el
310 3109 354 3160 69.
373 3135 406 3146 -
425 3113 437 3148 ³
459 3108 507 3163 Cir.
530 3112 571 3161 nd
594 3112 757 3170 Ludonicum
784 3113 963 3176 imperatorem
990 3117 1014 3164 el
1040 3113 1072 3163 ad
1099 3113 1249 3164 Lotharium

169 3190 261 3254 impar.
289 3191 392 3257 Migna‚
418 3193 434 3245 Ι.
457 3209 478 3245 c.
500 3211 524 3260 p.
548 3199 613 3249 1696
640 3201 664 3247 el
687 3199 761 3249 1693.
778 3225 813 3234 -
831 3201 842 3234 ⁴
860 3196 934 3258 Quod
961 3197 1036 3248 refert
1062 3199 1196 3263 Ralpertns
1223 3201 1248 3249 in

169 3273 291 3334 „casibus
310 3293 332 3329 s.
352 3277 436 3330 Galla
461 3277 505 3347 (M.
522 3278 550 3331 G.
570 3279 707 3346 ss.11‚p.
727 3283 771 3342 61;
795 3281 881 3346 Migne
902 3298 922 3333 s.
941 3283 957 3334 l.
975 3288 992 3334 l.
1014 3285 1069 3337 126.
1094 3298 1153 3348 pag.
1174 3283 1250 3351 1661)

166 3357 239 3407 idem
263 3353 340 3411 haud
364 3364 448 3431 inepte
471 3362 520 3414 dici
542 3355 622 3428 polest
645 3365 676 3417 de
699 3367 854 3417 monasterio
880 3368 998 3432 augiensi
1025 3368 1128 3418 mutatis
1151 3372 1250 3418 tanturn

165 3443 324 3497 nominibus
336 3447 469 3502 Bernwici
480 3452 505 3500 et
520 3447 667 3514 Engelberli
684 3452 710 3501 in
723 3449 896 3502 Walasridum
916 3457 940 3502 et
951 3453 1137 3504 Rudhelmum.
1168 3452 1248 3513 „Cum

163 3524 256 3588 igilur,
276 3534 306 3578 ut
319 3532 447 3600 diximus,
466 3533 579 3585 maxima
595 3549 653 3598 pars
670 3535 825 3601 populorum
838 3535 1003 3588 Hlotharium
1015 3542 1171 3603 sequeretur,
1189 3552 1249 3587 con·

162 3608 223 3671 figit
241 3615 267 3659 θῑ
278 3611 450 3676 Bernwtcum
463 3623 579 3673 nostrum
591 3618 708 3671 abbatem
726 3620 797 3671 illius
815 3622 893 3685 partis
910 3621 990 3673 fuisse
1002 3621 1249 3672 adminiculatorem.

160 3689 217 3743 Nec
236 3695 329 3751 minus
349 3705 447 3764 interea
462 3703 622 3760 Hlodovicus
636 3703 821 3756 Alamanniam
839 3711 975 3772 penetrans
993 3707 1097 3772 singula
1115 3706 1170 3755 loca
1187 3720 1250 3756 suae

160 3790 332 3845 suorumque
352 3790 448 3852 dicioni
466 3789 586 3851 subiecta
605 3788 719 3854 indeque
737 3791 853 3844 abbatem
872 3793 899 3841 in
917 3796 1003 3843 nostro
1017 3790 1172 3842 monasterio
1190 3805 1250 3841 con-

158 3861 245 3912 stituit
257 3863 459 3950 Engelberlum,
472 3873 631 3932 monachum
652 3879 777 3928 nostrum.
805 3876 897 3939 Quare
914 3877 1027 3940 contigit,
1045 3880 1072 3925 ut
1084 3875 1149 3925 sicut
1161 3890 1250 3940 regna,

156 3944 193 4006 ila
212 3950 239 3996 et
258 3963 418 4023 monasteria
435 3963 549 4026 diversis
567 3955 704 4009 erroribus
722 3966 797 4028 atque
814 3961 943 4028 laboribus
961 3963 1147 4026 quaterentur!
