2896 4828
693 391 880 449 ..6-

253 559 436 622 ductoribns
459 543 548 631 suis,
579 575 640 618 non
668 561 767 620 solum
797 560 996 636 exipsorum
1019 555 1120 632 libris,
1148 559 1322 622 sedetiam

253 679 293 722 ex
331 659 457 722 divinae
495 663 668 738 scripturae
704 663 891 725 testimoniis
929 663 1144 738 agnoscimus
1181 663 1255 738 quia
1292 671 1324 722 et

251 766 402 841 templum
433 765 543 840 Dagon
577 764 605 823 in
635 764 779 824 Samuele
810 765 973 839 legimus¹‚
1005 771 1036 824 et
1065 776 1172 839 regem
1201 764 1322 824 Senna-

199 859 201 866 ’
253 865 401 928 uberibus
417 866 446 924 in
465 869 577 942 templo
590 866 748 927 Neserach
766 867 984 940 trucidatum2;
1000 865 1177 925 Danielem³
1195 880 1322 941 quoque

215 989 216 993 ¹
253 970 283 1028 in
308 970 423 1044 templo
444 968 529 1050 Belis
559 969 756 1030 sacerdotum
780 969 847 1028 eius
871 967 1018 1044 strophas
1041 967 1322 1043 deprehendisse³;

253 1077 284 1131 et
308 1070 495 1130 Antiochum
519 1072 720 1147 reliquiarum
743 1072 848 1147 populi
867 1071 923 1130 Dei
946 1077 1178 1145 persecutorem
1202 1069 1322 1144 gravis-

254 1172 366 1232 simum
399 1179 430 1232 et
460 1173 579 1248 templi,
614 1173 699 1249 quod
730 1181 801 1246 post
832 1173 1042 1232 reversionem
1075 1173 1114 1231 de
1145 1170 1320 1247 captivitate

253 1275 488 1336 reaedificatum
518 1281 579 1347 est,
607 1275 788 1334 violatorem
818 1276 848 1333 in
876 1277 991 1350 templo
1019 1273 1136 1333 Noniae
1164 1271 1319 1334 corruisse

255 1377 498 1452 cognoscimusl,
511 1384 543 1435 et
554 1377 651 1435 multa
661 1377 730 1449 alia,
743 1375 856 1451 quibus
870 1377 1060 1454 approbatur
1077 1375 1159 1452 quod
1178 1375 1320 1436 dicimus.

255 1479 404 1537 Nolumus
442 1483 543 1538 autem
575 1478 613 1537 de
647 1478 732 1537 libris
761 1493 954 1554 paganorum
984 1479 1123 1539 eiusdem
1153 1479 1198 1538 rei
1226 1484 1322 1538 testes

254 1578 447 1652 adsciscere,
480 1596 518 1639 ne
555 1579 635 1638 iuter
667 1580 898 1641 ecclesiasticae
938 1580 1161 1642 aedificationis
1198 1581 1322 1656 eloquia

254 1682 377 1742 lectoris
402 1682 535 1741 animum
559 1682 717 1742 inutilibus
741 1682 852 1742 fabulis
876 1697 1074 1756 occupemus.

686 1903 887 1912 ...——-—.-—--

772 2058 810 2126 ll.

257 2219 415 2322 Qualiter
440 2227 622 2317 relrpieues
648 2227 802 2296 diuersae
828 2249 864 2294 se
891 2228 1028 2295 inuicem
1057 2227 1203 2294 imitatae
1229 2219 1324 2309 sueth,

357 2349 392 2411 et
415 2343 499 2433 quid
523 2366 689 2413 commune
714 2345 903 2424 debuerint,
933 2345 1016 2436 quid
1040 2345 1216 2414 diuersum.

321 2541 360 2600 Et
386 2543 494 2619 primis
523 2543 648 2618 quidem
679 2545 871 2628 temporibus
897 2557 958 2605 tam
988 2562 1083 2606 veros
1106 2545 1162 2605 Dei
1191 2544 1321 2614 cultores

258 2659 352 2719 quam
377 2647 470 2704 etiam
495 2645 681 2705 daemonum
704 2655 907 2708 veneratores
929 2649 958 2706 in
982 2648 1060 2711 locis
1081 2648 1225 2724 congruis
1247 2661 1323 2706 suae

258 2746 416 2820 religionis
441 2749 556 2807 cultum
581 2747 638 2806 sub
662 2747 735 2808 divo
759 2750 937 2810 celebrasse
960 2750 1150 2811 credendum
1166 2756 1222 2808 est.
1261 2747 1324 2808 Sed

259 2849 332 2924 quia
358 2839 529 2909 daemones
558 2846 733 2910 hominibus
766 2859 1006 2927 persuaserunt,
1041 2850 1070 2908 in
1105 2850 1323 2911 contumeliam

259 2951 406 3010 creatoris
429 2953 595 3024 imaginem
611 2953 856 3026 incorruptibilis
871 2953 936 3026 Dei,
960 2954 991 3012 tu
1012 2953 1237 3016 similitudinem
1255 2969 1324 3012 cor-

258 3052 419 3128 ruptibitis
441 3052 570 3114 bominis
592 3062 621 3112 et
643 3057 813 3128 votuerunt,
839 3059 870 3112 et
889 3055 1125 3130 quadrupedum
1148 3061 1178 3114 et
1198 3069 1324 3130 serpeu-

261 3133 350 3213 ttumss'
363 3160 561 3229 commutare,
578 3161 609 3214 et
622 3158 740 3214 seruire
756 3163 925 3216 creaturae
935 3159 1040 3230 potius
1056 3173 1148 3232 quam
1160 3156 1323 3224 creatora,

258 3287 317 3294 ,-

327 3351 415 3404 ³813.
434 3353 594 3406 Danihalem.
613 3384 643 3392 -
664 3341 676 3382 ¹'
695 3353 751 3405 S.G.
770 3361 836 3406 sunt.
855 3384 886 3394 -
906 3355 916 3382 ⁰
935 3371 972 3418 oe,
991 3361 1146 3420 serpentum.

636 3479 706 3484 —-—
1185 3476 1321 3485 -——....—-—-

332 3541 339 3576 ¹
353 3539 362 3588 l
374 3539 478 3604 Reg.'V‚
488 3543 501 3591 2
512 3555 567 3605 sqq.
581 3569 612 3576 —
628 3542 639 3577 ²
651 3540 687 3589 lV
697 3541 760 3606 Reg.
770 3540 835 3604 XIX,
846 3543 886 3592 at.
911 3541 1025 3594 Nesroclr
1036 3541 1223 3606 representabat
1231 3553 1324 3590 numen

260 3642 409 3691 supremum
427 3629 586 3693 Assyrorum
599 3631 623 3676 ct
639 3627 770 3679 colebatur
782 3626 829 3677 sub
847 3628 930 3692 ligura
942 3627 1051 3694 aquilae.
1064 3656 1095 3664 -
1110 3631 1121 3664 ³
1139 3626 1202 3676 Dan.
1212 3623 1280 3674 XIV.
1294 3649 1323 3660 -

260 3715 271 3748 ⁴
290 3711 310 3760 li
327 3711 441 3762 Machab.
460 3710 478 3771 1,
494 3712 601 3766 13-16.
626 3739 660 3748 -
691 3715 702 3750 ⁵
719 3713 793 3763 Rom.
812 3711 879 3775 t‚23.
915 3714 946 3763 Et
969 3717 1132 3762 mutaverunt
1154 3710 1265 3775 gloriam
1287 3709 1324 3758 in·

259 3796 431 3860 corruptibllis
449 3794 495 3847 Dei
513 3797 540 3846 in
559 3794 754 3847 similitudinem
771 3797 892 3861 imaginis
911 3796 1080 3861 corruptibilis
1091 3794 1204 3845 hominis
1216 3799 1240 3844 et
1251 3792 1324 3843 volu·

260 3894 332 3946 erum
350 3885 374 3932 et
383 3880 581 3946 quadrupedum
595 3887 619 3932 et
631 3881 794 3944 serpentium.
830 3884 861 3934 25
872 3919 878 3932 .
889 3887 930 3935 .et
948 3881 1091 3930 servierunt
1103 3884 1231 3929 creaturae
1243 3876 1325 3942 potius

259 3977 337 4028 quam
355 3967 467 4018 creatori.
