2896 4828
572 362 817 422 -25-·

122 539 306 606 testentur,
335 533 505 593 exteriores
537 532 652 607 figuras
686 532 771 592 cordi
803 547 860 592 suo
891 535 980 609 quasi
1010 535 1128 594 liturisa
1156 534 1211 593 im-

126 651 285 714 pressas.
329 631 428 708 Ergob
457 635 538 695 sicut
565 637 668 694 omnio
690 635 805 693 mundo
828 636 974 709 mundet
1006 636 1210 711 coinquinatis

131 743 248 797 autern
272 742 303 796 et
325 735 498 796 infidelibus
524 737 598 796 nihil
627 738 801 808 mundum,
830 735 902 810 quia
926 733 1118 812 coiquinatad
1141 742 1212 797 sunt

134 855 250 898 eorum
275 836 305 898 et
327 855 414 898 mens
437 844 468 896 et
491 837 690 910 conscientia,
713 840 755 896 ita
778 837 867 906 malis
890 853 999 896 omnes
1022 839 1091 897 viae
1114 838 1210 899 offen·

134 940 302 1000 sionibuse
327 943 437 1017 plenae
462 945 547 1012 sunt3
577 944 607 997 et
631 940 711 1000 sicut
733 938 806 998 boni
829 937 922 997 etiam
946 940 1033 998 malis
1056 931 1142 1014 b'ene,
1166 941 1211 1000 sic

135 1043 216 1101 mali
239 1043 332 1101 etiam
354 1041 448 1101 bonis
472 1042 553 1098 male
575 1044 713 1099 utuntur.

207 1143 258 1202 Sic
294 1144 400 1218 itaque
439 1143 590 1216 imagines
628 1146 659 1199 et
695 1139 834 1215 picturae
871 1138 1034 1200 habendae
1073 1149 1145 1202 sunt
1182 1149 1212 1204 et

134 1247 304 1316 amandae,
333 1252 367 1305 ut
395 1260 451 1303 nec
481 1245 631 1320 despectu
655 1241 769 1300 utilitas
796 1242 980 1315 adnulletur,
1010 1247 1040 1300 et
1063 1240 1144 1302 haec
1166 1245 1211 1302 in-

133 1345 320 1404 reverentia
341 1346 371 1405 in
394 1347 538 1421 ipsorum,
563 1361 693 1421 quorum
717 1343 935 1403 similitudines
957 1349 1037 1417 sunt,
1061 1343 1212 1404 redundet

136 1448 293 1520 iniuriam,
322 1462 378 1506 nec
402 1449 485 1506 cultu
508 1446 708 1508 immoderato
735 1445 807 1504 fidei
829 1446 946 1504 sanitas
969 1447 1159 1520 vulneretur,
1182 1454 1213 1508 et

140 1545 355 1624 corporalibus
378 1551 473 1609 rebus
497 1547 598 1609 honor
614 1548 706 1607 nimie
728 1547 887 1622 impensus
903 1554 1012 1621 arguat
1027 1563 1085 1608 nos
1108 1549 1211 1609 minus
1246 1544 1248 1548 ’

138 1652 290 1728 spiritalia
313 1653 524 1728 contemplari.

575 1853 777 1860 ——-—--—-—

650 2039 705 2108 IX.

334 2209 387 2278 De
413 2209 543 2300 templis
569 2212 603 2276 et
627 2207 791 2277 ultoribus
817 2210 1024 2291 dedicandis.

207 2411 296 2485 Quod
319 2412 436 2486 templa
452 2410 509 2469 Dei
532 2409 725 2470 dedicatione
750 2412 881 2472 solemni
905 2413 1119 2474 consecranda
1141 2414 1210 2488 sint

143 2513 294 2588 exemplis
319 2513 516 2586 antiquorum
541 2517 572 2570 et
594 2527 731 2586 congrua
752 2513 872 2574 ratione
896 2514 1056 2588 docemur,
1087 2516 1159 2591 quia
1181 2525 1210 2577 et

143 2615 238 2674 Jacob
261 2613 439 2690 patriarcha
462 2613 603 2674 erexisse
630 2615 763 2690 lapidem
791 2616 902 2688 legitur
928 2624 957 2675 et
981 2619 1049 2677 oleo
1075 2618 1211 2695 desuper

144 2716 212 2774 luso
235 2716 362 2776 unxisse
386 2733 457 2776 eum
482 2722 513 2775 et
534 2731 670 2776 vocasse
698 2717 825 2776 domum
847 2718 912 2789 Dei,
940 2713 1093 2794 itemquef
1116 2736 1211 2796 super

147 2817 240 2877 altare
256 2824 389 2878 erectum
411 2818 575 2879 invocasse
591 2819 790 2879 fortissimum
807 2820 903 2878 Deum
919 2819 1065 2880 israhel.²
1095 2819 1210 2879 'laber-

148 2918 289 2976 naculum
317 2927 419 2978 autem
442 2921 569 3008 Moyses
598 2927 628 2980 et
651 2912 796 2980 S'alomon
826 2923 971 2996 templum
1001 2921 1209 2981 celeberrimis

147 3017 393 3080 dedicationibus
416 3038 622 3084 consecrasse
645 3023 813 3098 leguntur3,
837 3025 920 3083 unde
943 3024 973 3081 in
995 3023 1209 3082 testimonium

147 3120 265 3179 divinae
288 3122 475 3182 ostensionis
496 3132 526 3183 et
547 3123 732 3184 visitationis
755 3125 835 3199 ignis
856 3125 894 3183 de
911 3125 997 3184 caelo
1015 3125 1210 3186 descendens

147 3221 464 3300 oblataconsumpsit
498 3233 528 3285 et
563 3242 658 3300 supra
687 3233 851 3300 utramque
882 3227 1007 3285 domum
1038 3227 1142 3288 fumus
1172 3242 1210 3287 ac

101 3385 103 3388 ,
149 3323 258 3384 nebula
282 3324 405 3385 divinae
427 3329 629 3402 protectionis
646 3328 797 3404 apparuit.
842 3327 1018 3386 Notandum
1034 3344 1109 3390 vero
1126 3330 1208 3403 quod

149 3441 203 3484 non
235 3432 354 3486 tantum
388 3428 416 3485 in
452 3429 551 3503 prima
579 3429 809 3490 constructione
837 3430 943 3505 templi
975 3428 1129 3488 dedicatio
1162 3437 1211 3489 est

209 3591 271 3654 αιη,
291 3591 386 3643 litteris.
405 3623 439 3632 -
458 3581 470 3622 b
490 3595 536 3658 M1,
555 3595 641 3658 igitur.
666 3623 699 3632 -
722 3594 796 3658 οΜΙ,
815 3601 852 3645 est
870 3595 1005 3650 mundum.
1029 3624 1061 3633 -
1082 3581 1096 3622 ἁ
1115 3610 1152 3657 oe,
1170 3595 1209 3644 in·

150 3676 266 3739 quinatae.
284 3705 318 3737 r-
336 3692 347 3719 e
365 3694 404 3741 oe,
423 3677 578 3729 offensionis
599 3709 627 3717 -
648 3665 713 3742 foe,
731 3679 859 3744 idemque.

212 3832 219 3866 ¹
238 3830 287 3882 Til.
305 3829 323 3892 l,
337 3833 375 3882 15.
394 3831 468 3881 Rom.
482 3830 548 3892 XIV,
563 3834 603 3883 20.
623 3861 654 3868 -
677 3831 788 3884 ²Genes.
801 3831 913 3895 XXVlll‚
928 3834 958 3885 18
969 3847 1006 3897 sq.
1024 3831 1105 3895 XXlll,
1119 3834 1159 3885 20.
1178 3863 1208 3872 -

150 3913 251 3964 ³Exod.
270 3913 322 3966 XL.
352 3914 381 3964 ill
401 3916 463 3979 Reg.
482 3915 544 3967 Vlll.
