2956 4766
692 366 902 426 „73-

261 541 383 600 dicens:
407 546 456 610 „et
478 539 550 613 quia
573 553 591 596 a
615 538 772 609 nonnullis
788 537 875 613 ymni
900 551 1014 611 magno
1036 535 1138 595 studio
1154 535 1184 594 in
1205 536 1317 595 laudem

261 643 310 700 dci
340 648 434 719 atque
463 640 674 714 apostolorum
705 645 735 698 et
764 644 935 715 martyrum
966 637 1138 714 triumphos
1164 639 1320 713 compositi

260 759 333 803 esse
367 748 550 813 noscuntur,
584 743 664 800 sicut
698 748 770 802 sunt
796 739 842 816 hi,
873 755 952 815 quos
982 740 1155 801 beatissimi
1185 739 1321 798 doctores

261 845 395 907 Hilarius
423 852 515 919 atque
542 843 727 905 Ambrosius
756 843 933 912 ediderunt,
961 857 1042 918 quos
1069 849 1174 902 tamen
1204 843 1321 916 quidam

260 947 438 1024 specialiter
453 947 622 1024 reprobant
644 956 719 1023 proa
742 962 788 1018 eo,
812 942 896 1020 quod
917 944 956 1002 de
972 943 1132 1019 scripturis
1149 950 1321 1004 sanctorum

260 1065 411 1109 canonum
434 1052 484 1109 vel
507 1048 680 1127 apostolica
701 1047 868 1126 traditione
892 1063 950 1106 non
972 1045 1119 1105 existunt.
1154 1042 1324 1121 Respuentb

260 1166 333 1226 ergo
365 1159 395 1211 et
425 1152 509 1211 illurn
539 1167 669 1224 ymnum
698 1151 736 1210 ab
767 1148 942 1209 hominibus
970 1147 1205 1223 compositum‘,
1239 1163 1322 1224 quern

260 1252 372 1312 cotidie
396 1252 520 1329 publico
544 1251 728 1328 privatoque
746 1250 846 1309 oificio
863 1252 892 1308 in
909 1252 970 1311 line
986 1251 1122 1312 omnium
1139 1251 1324 1326 psalmorum

259 1353 406 1415 dicimus:
434 1356 539 1429 ploria
568 1360 599 1413 et
624 1354 724 1414 bonor
749 1355 841 1428 patri
867 1361 897 1412 et
915 1355 983 1425 filio
1013 1359 1044 1411 et
1064 1353 1190 1428 spiritui
1211 1357 1323 1425 sancio,

260 1459 442 1518 insaecula
469 1460 668 1516 soeculorum
697 1473 795 1516 amen.
847 1451 921 1514 llstd
950 1462 980 1515 et
1010 1456 1058 1513 ille
1080 1469 1215 1530 ymnuS,
1239 1469 1323 1529 quem

259 1566 333 1618 nato
358 1560 386 1617 in
411 1573 503 1616 carne
528 1555 649 1616 Christo
674 1557 775 1631 angeli
800 1557 990 1616 cecinerunt:
1013 1559 1118 1631 pluria
1142 1559 1172 1614 ln
1197 1557 1325 1615 excelsis

259 1661 323 1719 Deo
352 1663 384 1717 et
409 1660 440 1716 ln
468 1664 555 1718 terro
577 1676 649 1734 pom
679 1659 851 1718 bominibus
878 1660 979 1719 donae
1006 1660 1185 1728 voluntatis,
1210 1659 1323 1734 reliqua

260 1775 339 1836 quae
373 1759 413 1818 ibi
450 1768 624 1836 sequuntur
660 1761 864 1821 ecclesiastici
898 1761 1041 1820 doctores
1076 1764 1321 1834 composuerunt

259 1862 340 1938 Ergo
365 1876 422 1920 neo
443 1863 502 1937 ipsi
527 1863 555 1921 in
580 1863 723 1922 ecclesiis
748 1862 877 1922 canendi
901 1867 981 1933 sunt,
1005 1863 1079 1937 quia
1101 1861 1129 1922 in
1147 1869 1324 1922 sanctarum

259 1965 478 2038 scripturarum
503 1961 588 2023 libris
612 1980 672 2023 non
689 1966 896 2024 inveniuntur.
936 1963 1166 2039 Componuntur
1190 1966 1325 2024 missam

258 2069 326 2126 sive
350 2081 459 2140 preces
481 2069 531 2125 vel
555 2066 711 2126 orationes
734 2068 803 2127 sive
825 2067 1110 2128 commendationes
1135 2083 1192 2127 seu
1215 2080 1325 2126 manus

257 2168 489 2243 impositiones,
512 2183 552 2226 ex
583 2168 697 2243 quibus
727 2169 753 2228 si
777 2169 863 2229 nulla
886 2164 1106 2229 decantanturf
1128 2171 1156 2228 in
1180 2169 1323 2235 ecelesia,

256 2277 373 2330 vacant
394 2271 495 2330 ostiola
517 2271 621 2329 omnia
651 2272 893 2331 ecclesiastica.“
936 2271 992 2331 His
1014 2272 1120 2332 verbis
1144 2272 1325 2338 ostenditur,

257 2374 354 2433 multa
388 2372 415 2430 in
445 2372 579 2432 ecclesia
608 2371 730 2431 noviter
761 2373 917 2450 componi,
953 2391 1033 2449 quae
1064 2390 1124 2433 non
1154 2373 1231 2442 sint,
1261 2372 1326 2430 sia

256 2474 317 2533 fide
355 2475 496 2534 veritatis
535 2491 594 2534 non
634 2473 833 2549 abhorreant,
872 2471 1053 2536 abiicienda.
1113 2476 1206 2534 Porro
1241 2473 1325 2551 ymni

258 2575 375 2635 metrici
404 2593 441 2636 ac
470 2574 601 2635 rithmici
632 2577 660 2635 in
690 2578 895 2638 ambrosianis
924 2578 1032 2638 officiis
1061 2578 1215 2644 dicuntur,
1248 2590 1325 2649 quos

257 2680 349 2738 etiarn
373 2678 467 2753 aliqui
490 2678 519 2736 in
551 2679 716 2736 missarum
746 2679 904 2739 solemniis
932 2673 1058 2755 propter
1081 2676 1325 2753 compunctionis

257 2781 404 2856 gratiam,
439 2795 521 2854 quae
555 2795 593 2838 ex
627 2779 789 2840 dulcedine
818 2782 968 2841 concinna
995 2788 1141 2858 augetur,
1171 2780 1324 2840 interdurn

257 2897 419 2943 assumere
447 2889 667 2942 consuerunt&
710 2883 854 2942 Traditur
875 2883 1039 2959 siquidem,
1062 2883 1230 2952 Paulinum,
1255 2880 1325 2940 lori-

257 2985 417 3045 iuliensem
432 2981 667 3060 patriarchamt
684 2985 810 3060 saepius
827 2990 856 3043 et
873 2985 1007 3044 maxime
1023 2985 1053 3042 in
1069 2983 1198 3058 privatis
1221 2983 1326 3042 missis

256 3089 338 3146 circa
373 3087 614 3147 immolationem
648 3092 915 3148 sacramentorum
946 3101 1062 3160 ymnos
1099 3088 1148 3146 vel
1183 3086 1222 3144 ab
1255 3085 1324 3145 aliis

256 3190 306 3246 vcl
341 3203 359 3247 a
388 3203 423 3248 se
455 3189 647 3263 compositos
680 3188 866 3249 celebrasse.
924 3188 990 3263 Ego
1022 3201 1099 3246 vero
1130 3187 1324 3262 crediderim,

256 3307 353 3314 ,ῳ
364 3307 416 3312 .-.--
428 3309 459 3314 --

325 3354 337 3380 ²
355 3370 393 3415 oe,
412 3371 462 3405 om.
480 3372 535 3420 pro.
554 3384 587 3391 -
608 3344 619 3383 b
638 3355 686 3415 lb,
704 3362 835 3420 respuunt.
855 3385 885 3391 —
905 3354 915 3380 ⁰
934 3354 982 3404 Hic
1000 3357 1178 3405 omnesellam
1196 3352 1254 3405 S.G.
1267 3368 1322 3403 cor-

256 3437 382 3503 ruptelam
402 3439 507 3491 habent:
526 3439 558 3490 ab
576 3439 695 3491 omnibus
714 3439 771 3490 loeo
789 3439 935 3492 hominibus
954 3445 978 3490 et
995 3439 1135 3489 coniciunt:
1154 3436 1323 3504 coprobatum

255 3539 301 3588 pro
320 3526 500 3592 compositum
519 3528 602 3573 lentus
619 3529 706 3575 autem
725 3525 858 3592 synodalis
876 3525 1005 3590 genuinus
1017 3531 1062 3574 est
1080 3553 1114 3560 -
1132 3509 1146 3550 ἀ
1162 3539 1201 3582 oe,
1219 3522 1272 3572 sed.
1291 3549 1323 3557 -

256 3606 267 3634 ⁰
286 3609 382 3660 Toxlus
401 3609 507 3659 canonis
520 3607 635 3660 exhibet:
655 3613 843 3674 componuntur
861 3625 922 3674 ergo
934 3609 1038 3677 hymni,
1058 3611 1123 3659 sicut
1135 3610 1324 3672 componuntur

256 3695 349 3745 missae
368 3695 423 3744 sive
440 3707 536 3758 preces
556 3721 589 3730 -
605 3679 617 3719 f
633 3693 729 3742 Texlus
748 3695 854 3742 canonis
871 3693 958 3744 habel:
977 3693 1102 3746 dieantur.
1122 3722 1152 3731 -
1172 3691 1188 3732 ὅ
1205 3708 1242 3751 oe,
1261 3707 1322 3741 con-

257 3784 401 3829 sueverunt.

256 3883 280 3889 -
284 3885 334 3890 -..fl-
368 3887 389 3891 -
395 3879 532 3892 Δ--ι-..η
538 3885 624 3890 -—-.—-

328 3935 336 3966 ¹
354 3930 478 3982 Paulinus
495 3931 638 3997 patriarcha
655 3929 770 3997 Aquilai.
788 3932 805 3994 †
824 3932 881 3982 804.
