3002 4770
680 396 913 444 -le—

263 557 372 632 pulsus
397 557 488 616 celeri
518 557 590 630 luga
617 557 655 616 ad
681 555 821 618 Rhenum
855 575 889 617 se
917 561 1053 632 contulit,
1085 559 1220 621 lotharii
1243 578 1331 636 prae-

263 657 341 724 sidio
366 657 544 730 confideus;
577 665 608 718 at
635 659 685 718 hic
713 675 731 718 a
762 659 906 720 iratribus
931 659 1101 723 iunioribus
1125 663 1264 725 devictus
1288 665 1330 740 (in

263 759 379 834 praelio
402 776 500 836 prope
515 761 764 822 Autissiodorum
783 763 810 824 d.
827 763 877 822 25.
892 761 961 820 Juni
978 761 1052 836 841)
1076 761 1210 827 hominis
1227 783 1330 827 curam
1426 790 1430 796 ·

260 877 355 936 agere
379 878 440 921 uon
463 863 572 938 potuit.
618 863 719 937 Quare
743 865 834 924 exilio
857 867 958 924 latens
974 869 1004 923 et
1027 868 1159 926 summis
1181 871 1332 946 angustiis

262 964 507 1036 circumventus,
538 964 707 1025 aRabano
733 969 944 1060 calceamenta
973 969 1058 1041 petiit
1081 967 1183 1028 ethis
1207 971 1333 1045 elegieis

262 1065 408 1126 versibus
433 1083 501 1125 eum
527 1066 643 1128 affatus
667 1074 729 1129 est:

416 1163 484 1226 „Sed
501 1165 560 1216 licet
576 1167 705 1218 innumeri
724 1167 827 1232 pulsent
845 1181 903 1219 mea
920 1173 1021 1233 pectora
1038 1173 1151 1234 questus,

356 1247 362 1261 ¹
413 1249 475 1300 Plus
493 1255 579 1300 tamen
597 1252 742 1315 impugnat,
761 1252 830 1317 quod
848 1253 1017 1318 nudipedalia
1033 1269 1111 1318 cogar

414 1334 478 1384 Ecce
496 1335 591 1398 pati.“¹

326 1422 392 1481 Hos
407 1437 520 1481 versus
538 1424 589 1498 qui
606 1423 770 1496 diligenter
786 1425 902 1498 legerit,
923 1443 982 1484 non
1007 1427 1037 1485 in
1054 1427 1181 1487 dubium
1198 1429 1332 1498 vocabit,

262 1523 535 1599 quinWalairidus
545 1526 686 1585 scribens
697 1526 766 1584 illos
778 1525 807 1582 vi
818 1532 944 1585 coactus
958 1528 986 1585 in
1000 1528 1092 1587 exilio
1103 1529 1235 1602 degerit3
1250 1531 1332 1606 quod

261 1640 336 1684 vero
353 1640 423 1684 eum
439 1632 605 1702 postquam
619 1627 746 1688 Fuldam
762 1627 887 1700 reliquit
898 1644 956 1687 sua
968 1635 1080 1704 sponte
1092 1630 1122 1689 in
1135 1629 1330 1690 solitudinem

262 1743 296 1786 se
320 1727 492 1786 contulisse
516 1729 638 1803 quidam
664 1729 858 1798 contendunt,
882 1729 960 1789 adeo
985 1748 1047 1789 non
1071 1731 1100 1789 id
1125 1737 1228 1806 potest
1250 1733 1331 1790 at‘lrr-

261 1829 346 1902 nturi,
369 1835 403 1888 ut
425 1829 578 1889 monacho
602 1845 640 1889 ne
662 1835 804 1910 potestas
833 1828 927 1891 huius
957 1833 1000 1890 rei
1028 1832 1126 1892 luerit.
1172 1833 1250 1891 Nam
1274 1833 1354 1892 ab-·

261 1931 371 1990 solutis
395 1931 510 1991 Fuldae
533 1932 702 1993 litterarum
726 1931 837 1991 studiis
861 1948 921 1992 non
945 1933 1003 1993 nisi
1026 1935 1221 2010 superiorum
1238 1935 1332 1995 venia

262 2033 347 2093 aliud
371 2049 483 2093 munus
508 2035 670 2111 suscipere
694 2039 816 2110 poterat
838 2033 1041 2122 Walafridus3
1070 2037 1116 2095 sin
1139 2037 1227 2096 aliter
1250 2039 1277 2096 ei
1301 2037 1331 2096 in

262 2127 485 2196 monasterium
517 2137 633 2197 directa
661 2138 712 2196 via
743 2137 934 2197 redeundum
966 2147 1045 2198 erat:
1075 2141 1188 2198 etenim
1216 2146 1332 2200 temere

262 2240 418 2314 egregium
443 2238 639 2298 hunc'virum
656 2239 771 2298 referre
794 2239 823 2297 in
840 2255 1003 2299 numerum
1027 2239 1186 2300 hominum
1210 2242 1331 2301 illorum

262 2340 380 2398 nonita
402 2341 577 2414 insignium,
602 2342 653 2415 qui
678 2339 821 2399 monachi
837 2341 1015 2414 vagabundi
1038 2357 1095 2399 seu
1110 2349 1260 2416 vagantes
1276 2358 1332 2418 ap-

260 2442 416 2516 pellantur
436 2442 504 2515 quis
520 2436 657 2501 audeat?
693 2441 731 2499 Et
746 2441 939 2500 Ludovioum
963 2441 1117 2500 monacho
1141 2443 1331 2516 vagabundo

261 2541 356 2600 lilium
387 2544 555 2603 tradidisse
579 2543 774 2602 educandum
804 2544 874 2617 quis
899 2543 1029 2616 cogitet?
1072 2542 1114 2602 ld'
1133 2550 1216 2602 certe
1239 2545 1331 2620 longe

261 2644 461 2705 verisimilius
478 2652 536 2716 est,
560 2644 737 2720 imperatori
760 2661 830 2703 cum
847 2651 1010 2722 quaereret
1033 2646 1081 2704 cui
1107 2661 1202 2720 grave
1217 2663 1330 2707 munus

260 2747 313 2806 filii
337 2748 491 2807 educandi
515 2747 726 2817 committeret,
751 2747 1001 2806 commendatum
1026 2763 1097 2806 esse
1116 2747 1331 2822 Walafridum‚

260 2850 359 2909 virum
389 2850 582 2924 ingeniosum
606 2849 858 2924 optimorumque
887 2865 990 2908 rerum
1015 2849 1116 2909 studio
1138 2849 1330 2925 flagrantem.

326 2968 421 3028 Paulo
444 2973 515 3043 post
538 2983 674 3044 pugnam
697 2968 796 3042 illam,
827 2983 919 3043 quam
951 2969 1029 3026 male
1052 2968 1164 3028 factam
1187 2969 1331 3030 Lothario

262 3086 356 3146 supra
390 3070 539 3141 diximus,
574 3069 763 3129 Walafridus
797 3086 867 3138 cum
901 3069 1059 3131 Ludovico
1091 3087 1166 3146 rege
1199 3071 1329 3144 gratiam

261 3173 393 3232 initurus
407 3172 611 3247 deprecatore
622 3171 799 3233 Grimoaldo
813 3171 1061 3247 archicapellano
1074 3173 1114 3233 ab
1131 3174 1182 3231 illo
1195 3172 1330 3246 benigne

260 3280 406 3348 receptus
431 3279 461 3332 et
484 3275 513 3333 in
535 3275 671 3350 regimen
689 3275 811 3348 Augiae
829 3273 934 3332 divitis
958 3276 1120 3336 restitutus
1144 3281 1191 3334 est
1214 3289 1242 3332 a.
1259 3274 1328 3333 842.

260 3376 306 3435 Ex
331 3383 469 3451 tempore
486 3378 646 3436 secundae
668 3376 761 3437 huius
778 3376 1050 3436 administrationis
1074 3379 1135 3436 sere
1159 3373 1234 3433 nihil
1255 3376 1328 3435 certi

261 3478 350 3538 nobis
374 3486 422 3539 est
445 3479 630 3551 traditum23
662 3480 776 3554 elapsis
800 3496 876 3538 vero
904 3487 1024 3555 septem
1046 3479 1098 3536 vix
1121 3478 1209 3536 annis
1232 3477 1262 3535 in
1287 3479 1329 3537 te-

334 3683 341 3717 ¹
360 3679 456 3744 Migne‚
474 3678 492 3730 l.
511 3694 532 3729 c.
550 3694 573 3744 p.
589 3681 662 3732 1113.
681 3709 714 3718 -
735 3683 745 3718 ²
763 3679 850 3731 Unum
867 3685 967 3730 tantum
986 3677 1169 3728 documentum
1188 3676 1265 3728 huius
1284 3679 1329 3729 ad-

261 3765 453 3816 ministrationis
474 3764 553 3830 idque
578 3765 690 3829 pondere
713 3781 765 3816 non
792 3781 880 3816 carens
908 3764 981 3815 nobis
1004 3767 1161 3813 asservatum
1188 3766 1234 3823 est,
1260 3765 1329 3828 quod

260 3849 377 3900 abbatem
390 3849 507 3900 villicum
520 3850 665 3899 monasterii
681 3851 721 3900 sui
740 3850 811 3900 haud
827 3852 946 3915 iniquum
965 3849 1044 3898 luisse
1061 3841 1158 3912 probat,
1177 3853 1330 3913 quapropter

259 3933 328 4004 lilud
345 3935 481 3999 appendici
498 3934 686 3986 adnectendum
704 3949 760 3984 esse
773 3935 861 3984 censui
879 3932 1000 4001 (append.
1018 3947 1043 3982 n.
1056 3931 1087 3980 lll
1104 3933 1171 3982 inira
1188 3947 1247 3998 pag.
1262 3931 1329 4001 106).
