2956 4766
621 393 895 452 -95-'

193 573 354 642 decimum,
369 565 583 642 multiplicabo
593 563 723 624 nouem.“
737 563 746 604 ¹
769 562 846 623 Cum
859 561 963 640 itaque
975 561 1117 623 iudaicus
1130 563 1265 637 populus

192 675 392 749 praeceptum
417 667 608 726 decimarum
637 670 726 724 tanta
755 664 913 740 diligentia
935 663 1133 741 observaret,
1162 670 1198 723 ut
1227 663 1265 722 de

193 773 328 834 minimis
359 767 536 845 quibusque
572 766 774 840 holusculisa,
809 772 879 826 ruta
908 766 1066 830 videlicet,
1098 772 1203 826 menta
1236 770 1267 824 et

194 876 330 953 cymino,
354 878 387 933 ut
408 872 474 945 ipse
492 870 646 930 Dominus
670 875 803 928 testatur
812 868 832 940 ²,
856 867 995 927 decimas
1013 867 1110 937 daret,
1135 884 1190 927 our
1204 884 1267 928 non

195 976 302 1040 maiori
331 974 432 1034 studio
456 971 545 1046 plebs
571 971 755 1046 evangelica
777 971 910 1030 eandem
938 970 1064 1043 impleat
1085 969 1266 1040 iussionem,

194 1081 242 1140 cui
265 1083 296 1137 et
318 1075 417 1134 maior
440 1079 489 1132 est
520 1088 669 1132 numerus
693 1071 892 1132 sacerdotum
925 1078 956 1130 et
983 1071 1135 1131 sincerior
1165 1073 1265 1130 cultus

193 1175 483 1240 sacramentorum?
526 1169 603 1235 Ideo
627 1190 702 1248 ergo
727 1168 849 1232 dandae
871 1178 945 1232 sunt
968 1172 1120 1244 decimae,
1150 1179 1185 1231 ut
1207 1172 1267 1232 hac

195 1281 359 1342 devotione
382 1277 466 1336 Deus
491 1278 635 1352 placatus
666 1277 781 1350 largius
804 1281 952 1352 praestet,
982 1290 1063 1350 qrrae
1088 1275 1268 1336 necessaria

195 1389 276 1453 sunt,
306 1381 387 1441 sicut
414 1379 559 1455 superins
584 1377 790 1448 ostendimus,
821 1375 870 1436 etb
897 1384 930 1436 ut
953 1378 1135 1437 sacerdotes
1158 1383 1188 1436 et
1212 1379 1267 1436 mi-

194 1484 280 1544 nistn‘
305 1482 457 1544 ecclesiae
481 1496 557 1540 cura
587 1487 618 1538 et
645 1480 853 1539 sollieitudine
876 1481 1097 1540 necessitatum
1122 1496 1268 1556 corpora-

194 1588 278 1657 lium,
304 1585 422 1661 -quibus
452 1583 519 1644 sine
549 1584 630 1643 haec
652 1584 716 1643 vita
745 1583 876 1658 transigi
904 1598 967 1641 non
995 1589 1107 1658 potest,
1139 1584 1268 1642 relevati

193 1688 352 1749 liberiores
378 1687 454 1746 fiant
477 1686 517 1746 ad
542 1687 775 1746 meditationem
800 1686 922 1745 divinae
946 1683 1023 1760 le'gis
1052 1692 1083 1744 et
1113 1685 1268 1746 doctrinae

193 1790 492 1850 administrationem
524 1795 618 1864 atque
650 1787 799 1864 spiritalis
831 1788 949 1846 servitii
975 1787 1183 1847 voluntariam
1214 1804 1266 1848 ex-

193 1893 370 1966 pletionem,
400 1898 430 1951 et
451 1897 487 1952 ut
509 1907 624 1949 munus
649 1890 754 1966 populi
781 1891 811 1949 in
835 1890 990 1949 cotidiana
1013 1890 1184 1950 oblationec
1206 1889 1268 1950 Do-

194 1994 276 2054 mino
313 1994 490 2052 immoletur
528 2006 652 2051 necnon
691 1991 864 2050 secundum
903 1997 1019 2051 statuta
1052 1991 1201 2050 canonica
1238 1993 1268 2050 in

195 2095 455 2154 sustentationem
495 2108 667 2168 pauperum
703 2099 733 2150 et
769 2092 1028 2152 restaurationem
1063 2093 1265 2152 ecclesiarum

195 2195 345 2272 proficiat.
391 2196 531 2268 Qualuor
547 2196 629 2254 enim
654 2200 759 2270 partes
781 2196 867 2254 iuxta
883 2211 1020 2254 canones
1043 2195 1110 2254 fieri
1133 2194 1171 2254 de
1194 2194 1268 2254 fide-

194 2297 266 2356 lium
291 2296 501 2358 oblationibus
524 2296 648 2368 debent,
679 2303 711 2357 ut
735 2312 796 2356 una
820 2297 858 2355 sit
882 2296 1029 2372 episcopi,
1060 2297 1157 2356 altera
1181 2297 1268 2356 cleri·

197 2414 317 2470 corum,
346 2399 437 2459 tertia
461 2415 649 2474 pauperum,
681 2405 793 2473 quarta
815 2397 1036 2457 restaurationi
1065 2399 1267 2458 ecclesiarum

197 2506 347 2561 servetur.

633 2653 836 2660 *—

673 2823 793 2892 XXIX.

525 2993 578 3062 Ile
604 2993 761 3062 laetantis
787 2994 939 3084 offendis,

260 3194 435 3267 Laetanias‚
459 3194 489 3253 id
514 3202 563 3257 est
585 3196 766 3269 rogationes
787 3195 939 3271 publicas,
963 3211 1042 3271 quas
1063 3197 1198 3258 maiores
1213 3213 1268 3257 vo-

197 3309 313 3364 camus
344 3297 474 3356 Romani
497 3313 561 3356 una
585 3298 634 3358 die
665 3298 875 3370 denominata,
903 3298 1006 3358 idest
1030 3299 1084 3358 VII
1106 3299 1174 3358 Kal.
1198 3299 1269 3358 Maii

197 3398 354 3457 annuatim
377 3398 479 3460 iacere
504 3401 616 3474 solent,
641 3417 720 3476 quas
745 3399 911 3474 Gregorius
935 3417 1017 3478 papa
1039 3402 1122 3461 initio
1146 3402 1268 3461 ordina-

195 3501 291 3562 tionis
315 3518 394 3562 suac
416 3501 564 3572 instituit,
594 3502 668 3561 dum
691 3509 762 3577 post
785 3519 936 3578 aquarum
965 3504 1200 3565 inundationem
1222 3505 1268 3562 In-

265 3701 276 3728 ³
295 3701 327 3766 M,
346 3699 479 3755 olusculis.
500 3732 531 3740 —
550 3689 564 3729 h
585 3719 624 3767 oe,
641 3719 678 3754 ac.
698 3734 728 3742 -
749 3703 759 3730 ⁰
778 3704 842 3766 mlh,
860 3704 1016 3754 cotidianam
1034 3700 1198 3754 oblationem.

267 3851 343 3907 1Cir.
361 3857 475 3920 August.
494 3853 576 3907 Saum.
595 3858 643 3908 277
662 3855 699 3905 De
717 3855 855 3910 reddendis
874 3857 989 3909 decimis.
1018 3855 1105 3922 Migne
1123 3872 1143 3906 s.
1161 3855 1178 3906 I.
1198 3861 1214 3908 t.
1228 3858 1270 3919 39,

213 3939 312 4001 pacto.
332 3969 365 3976 —
386 3941 397 3977 ²
415 3940 503 3992 Matth.
521 3939 607 4003 XXIII,
627 3941 667 3992 23.
