2956 4766
644 383 857 444 ..91-

217 557 299 616 atlas
332 562 363 614 et
392 557 422 616 ln
450 571 513 615 urta
539 561 641 630 polest
668 554 838 612 diuinitatis
864 554 1069 625 stapularr'tos
1099 553 1288 626 designari.“

219 656 303 731 Quae
327 656 494 731 singularis
517 656 632 736 mersio
652 654 795 732 quamvis
818 659 893 713 tunc
915 653 959 712 ita
982 652 1129 727 Hispanis
1153 656 1290 729 compla-

219 759 280 818 cuit
312 757 502 828 dicentibus,
538 757 649 817 trinam
686 756 871 816 mersionem
906 756 975 815 idco
1009 749 1290 830 vitandunr,'quia

218 858 365 920 haeretiei
385 860 511 934 qnidam
537 859 707 920 dissimiles
732 859 760 917 in
784 856 919 917 trinitate
943 857 1137 918 substantias
1162 858 1291 931 dogma-

217 960 350 1020 tizantes
373 977 411 1020 ea
438 961 487 1021 usi
511 962 589 1020 sinta
611 961 650 1020 ad
672 959 1029 1020 consubstantialitatem
1053 965 1181 1018 sanctae
1207 958 1291 1018 trini-

216 1062 289 1122 tatis
320 1064 510 1137 negandam,
540 1070 642 1122 tamen
674 1061 828 1135 antiquior
857 1077 935 1120 usus
965 1061 1138 1136 praevaluit
1161 1061 1290 1120 erratio

218 1162 407 1240 supradicta.
454 1164 486 1224 Si
514 1165 594 1222 enim
619 1164 724 1224 omnia
751 1163 938 1232 deserimus
971 1179 1051 1238 quae
1080 1163 1231 1224 haeretici
1260 1163 1290 1220 in

219 1281 308 1326 suam
333 1267 569 1341 perversitatem
591 1271 762 1337 traxerunt,
787 1265 861 1324 nihil
885 1265 975 1326 nobis
991 1265 1132 1338 restabit,
1156 1281 1227 1325 oum
1249 1266 1291 1325 1111

218 1367 246 1427 in
270 1367 339 1443 ipso
356 1368 422 1429 Deo
446 1375 587 1428 errantes
612 1368 724 1440 omnia,
748 1383 830 1442 quae
847 1367 887 1426 ad
910 1367 978 1426 eius
998 1369 1114 1428 uultum
1138 1366 1290 1442 pertinere

217 1469 288 1529 visa
304 1476 385 1540 sunt,
410 1470 476 1530 suis
493 1470 650 1530 erroribus
671 1468 761 1544 quasi
784 1470 913 1546 propria
935 1468 1126 1547 applicarint
1172 1468 1291 1529 Notan-

218 1571 291 1630 dum
322 1577 439 1645 autem,
461 1567 533 1654 finon
561 1573 662 1631 solum
684 1568 876 1648 mergendo,
901 1587 1008 1630 verum
1038 1571 1131 1629 etiam
1155 1570 1292 1646 desuper

218 1673 375 1734 tundendo
399 1675 513 1733 multos
536 1673 711 1749 baptizatos
733 1673 828 1734 luisse
852 1679 883 1734 et
906 1673 1008 1734 adhuc
1029 1688 1126 1749 posse
1149 1673 1191 1731 ita
1214 1672 1291 1750 bap-

218 1775 310 1846 tizari,
338 1777 364 1835 si
388 1776 560 1836 necessitas
584 1776 632 1836 sit.
680 1775 766 1836 Sicut
795 1776 824 1833 in
853 1776 1001 1850 passione
1034 1775 1114 1833 beati
1137 1773 1291 1836 Laurentii

218 1878 376 1954 quendam
393 1895 485 1938 urceo
509 1879 603 1937 allato
626 1877 759 1952 legimus
784 1876 970 1950 baptizatum
984 1879 1001 1950 1,
1025 1877 1086 1936 hoc
1102 1875 1194 1934 etiam
1212 1878 1291 1936 solet

219 1980 358 2050 evenire,
388 1995 458 2038 cum
482 1975 732 2055 provectiorumb
755 1979 917 2052 granditas
941 1993 1106 2053 corporum
1136 1977 1167 2036 in
1191 1978 1290 2039 mino·

218 2083 304 2140 ribus
327 2080 415 2140 vasis
444 2079 599 2140 hominem
622 2081 738 2154 tinguic
761 2095 821 2139 non
845 2081 968 2154 patitur.

282 2183 467 2242 Notamdum
492 2182 614 2251 deinde,
636 2182 744 2256 primis
767 2180 984 2256 ternporibus²
1012 2181 1071 2240 illis
1094 2183 1288 2244 solummodo

220 2287 365 2362 baptismi
395 2286 526 2362 gratiam
556 2286 622 2345 dari
651 2285 784 2358 solitam,
806 2284 868 2360 ,qui
899 2290 930 2344 et
952 2286 1092 2360 corporis
1121 2291 1152 2343 et
1179 2285 1289 2345 mentis

219 2387 395 2462 integritate
418 2387 477 2446 iam
502 2389 541 2446 ad
564 2386 626 2450 hoo
648 2392 866 2464 pervenerant,
896 2393 929 2446 ul
952 2387 1033 2448 scire
1057 2394 1087 2447 et
1110 2387 1289 2463 intellegere

220 2495 354 2565 possent,
378 2490 451 2565 quid
468 2467 689 2550 aemolumenti
704 2491 733 2548 in
750 2489 904 2572 baptismo
922 2491 1190 2565 consequendum,
1215 2490 1289 2565 qnid

219 2591 430 2652 confitendum
461 2598 556 2668 atque
588 2593 784 2661 credendum,
817 2591 890 2666 quid
921 2598 1080 2667 postremo
1111 2593 1227 2653 renatis
1259 2592 1287 2650 in

220 2694 342 2755 Christo
360 2701 446 2754 esset
461 2696 658 2755 servandum.
695 2694 802 2753 Refert
817 2693 972 2770 siquidem
989 2694 1179 2756 venerabilis
1202 2700 1290 2769 pater

221 2796 412 2868 Augustinus
434 2798 472 2856 de
493 2813 528 2857 se
551 2797 619 2873 ipso
643 2799 673 2856 in
691 2797 778 2856 libris
795 2798 1026 2857 confessionum
1045 2814 1182 2868 suarum,
1205 2797 1289 2872 quod

288 2995 356 3055 aoe,
375 2995 549 3060 dogmatizare
566 2998 623 3046 ausi
640 3001 707 3048 sunt.
726 3026 757 3033 —
779 2983 790 3022 b
810 2995 1060 3060 imperfectiorum.
1079 3024 1112 3033 —
1131 2995 1141 3022 ⁰
1159 3011 1199 3056 oe,
1217 2997 1290 3060 tingi.

292 3187 300 3220 ¹
318 3182 390 3232 Hanc
407 3183 543 3247 legendam
562 3183 665 3235 exhibet
678 3183 745 3242 Ado,
760 3182 903 3232 Walalrido
921 3181 1044 3247 aequalis,
1063 3184 1088 3232 in
1107 3182 1289 3250 Martyrologio

220 3283 276 3328 suo,
295 3267 334 3320 ed.
352 3267 488 3334 Rormeyd,
508 3269 593 3319 AntW.
615 3267 686 3320 1613.
718 3265 792 3319 Dom.
814 3266 949 3332 Georgius,
967 3266 1063 3317 Romae
1083 3270 1155 3320 1745.
1186 3266 1236 3319 Cir.
1254 3269 1290 3320 De

220 3354 294 3404 Rossi
313 3353 394 3403 Roma
412 3359 468 3404 sotl.
487 3352 514 3415 ll,
533 3367 591 3417 pag.
610 3352 703 3403 XXVII
713 3368 768 3418 sqq.
787 3381 821 3390 —
842 3355 852 3390 ²
870 3351 938 3402 Haec
955 3352 1092 3403 Walasridi
1110 3354 1197 3417 opinio
1215 3353 1290 3417 plane

219 3454 325 3489 erronea
337 3444 382 3488 est.
419 3438 460 3489 Ab
478 3439 541 3502 ipsis
553 3437 675 3488 ecclesiae
693 3438 840 3504 primordiis
852 3439 930 3487 etiam
948 3437 1058 3490 insanies
1075 3439 1215 3503 baptizatos
1227 3454 1291 3499 esse,

219 3539 296 3575 nemo
314 3522 426 3587 negabit,
444 3524 489 3587 qui
506 3522 607 3587 legerit,
625 3524 696 3588 quod
713 3523 800 3574 scribit
812 3520 956 3591 Cyprianus
974 3523 1087 3588 carthag.
1106 3525 1241 3588 episcopus
1259 3523 1291 3574 de

220 3608 321 3674 synodo
345 3607 457 3673 quadum
480 3607 544 3658 idib.
563 3607 623 3658 Maii
647 3623 706 3658 ann.
726 3611 774 3660 252
797 3607 930 3670 celebrata,
954 3609 999 3660 ubi
1023 3608 1178 3658 unanimiter
1200 3608 1292 3660 reiecta

221 3697 259 3742 est
270 3695 395 3745 sententia
410 3692 469 3744 Fidi
483 3694 594 3757 episcopi
613 3693 774 3757 proterentis:
795 3694 876 3754 „intra
894 3692 1036 3744 secuudum
1048 3691 1090 3742 vel
1106 3693 1208 3742 tertium
1221 3691 1290 3744 diem

222 3791 299 3842 quam
317 3780 370 3829 nali
387 3779 438 3829 sint
455 3779 604 3828 constitutos
628 3777 750 3842 baptizari
774 3794 825 3828 non
844 3783 986 3844 oportere“;
1010 3777 1106 3842 placuit
1123 3781 1224 3828 econtra
1246 3793 1291 3844 sy·

221 3860 301 3912 nodo:
325 3863 407 3924 „nulli
430 3862 567 3914 hominum
590 3868 647 3913 nato
673 3863 872 3914 misericordiam
892 3863 937 3914 Dei
958 3867 982 3913 et
1004 3863 1111 3926 gratiam
1135 3877 1190 3912 esse
1213 3862 1291 3912 dene-

221 3947 356 4012 g·andam.“
394 3947 471 4016 Cypr.
490 3949 562 4013 epist.
581 3949 621 4010 64,
640 3948 681 3998 ed.
693 3948 786 3999 Hartel.
806 3964 874 4013 corp.
887 3963 920 3999 ss.
935 3947 994 3998 eccl.
1013 3947 1056 3998 lat.
1070 3953 1085 3997 l.
1098 3946 1136 4010 ΙΠ,
1152 3950 1174 4008 l,
1193 3963 1218 4012 p.
1231 3949 1288 4000 718.
