2896 4828
706 353 917 414 ..32-

279 529 406 604 tempsit
427 531 458 584 et
480 524 593 586 abiecit
614 524 723 586 dicens
742 539 795 598 per
817 523 1032 600 propnetam:
1061 522 1203 600 „Reliqui
1230 523 1388 584 domum

280 647 388 704 meum,
413 630 513 688 dimisi
531 629 755 688 haeredilatem
778 631 893 686 meum“
906 628 927 702 ¹,
951 632 981 684 et
1002 641 1115 701 perse
1138 625 1270 700 ipsum:
1301 644 1388 697 „re-

281 733 440 807 linquetur
463 730 545 790 nobis
561 731 670 790 domus·
688 736 793 790 vestre
817 729 984 790 desertal2
1020 727 1101 802 Ergo
1125 735 1263 805 propter
1291 743 1385 802 pec-

281 840 352 894 cata
376 830 532 892 hominum
557 833 626 892 loca
649 846 740 890 saera
763 846 783 888 a
806 832 864 890 deo
887 830 1008 905 neglegi
1030 829 1120 890 testis
1142 835 1191 888 est
1213 845 1306 890 arca
1336 829 1382 887 ab

280 933 433 1009 allophilis
457 935 579 1009 captat,
605 934 751 1009 ternplum
775 932 889 992 totiens
912 948 1058 993 eversum
1075 933 1126 1018 vel
1150 933 1379 1007 profanatum

281 1043 311 1097 et
334 1039 447 1097 multae
469 1036 709 1096 christianorum
727 1035 879 1096 ecelesiae
898 1051 981 1096 nunc
1003 1051 1022 1095 e
1045 1035 1185 1093 barbaris
1200 1041 1376 1094 vastatae

280 1140 332 1200 vel
355 1140 536 1211 subversae,
560 1154 641 1198 nune
664 1133 788 1212 ignibus
805 1137 855 1195 vel
878 1136 1056 1196 fulminibus
1073 1137 1245 1208 desolatae,
1278 1152 1376 1196 nunc

280 1241 520 1302 terraemotibus
543 1241 603 1321 ,vei
636 1238 810 1298 turbinibus
842 1238 973 1299 dirutae.
1016 1237 1104 1298 Unde
1137 1244 1168 1297 et
1194 1237 1373 1298 Dominus

281 1359 336 1419 per
351 1343 539 1402 Hieremiam
561 1341 716 1418 peccatori
739 1342 857 1416 populo
874 1341 1093 1400 confidentiam
1111 1341 1163 1399 vel
1180 1340 1369 1400 maximam

282 1447 379 1505 aufert
413 1445 555 1504 dicens4:
592 1441 709 1515 „Nolite
743 1444 898 1515 conficere
928 1445 959 1503 in
989 1444 1088 1503 uerbis
1121 1443 1288 1502 meniueii
1319 1444 1370 1502 di-

283 1553 403 1606 centes:
426 1548 568 1621 templum
590 1544 722 1619 Domini,
747 1549 891 1619 templum
907 1544 1040 1618 Domini,
1066 1546 1209 1619 templum
1230 1543 1371 1604 Domini

283 1651 344 1708 cst“
371 1653 429 1708 etc.
473 1646 538 1706 Non
567 1647 667 1706 solum
697 1652 800 1705 autem
823 1646 879 1706 Dei
910 1647 1141 1722 protectionem,
1170 1643 1227 1703 sed
1261 1646 1367 1706 etiam

283 1751 461 1824 angelornm
486 1751 657 1812 custodiam
683 1759 713 1808 et
735 1755 912 1810 sanctorum
931 1765 1070 1808 curama
1092 1749 1170 1808 locis
1193 1748 1365 1821 quondam

284 1851 399 1912 sanctIs
423 1851 592 1925 discedere,
616 1867 687 1912 curn
710 1852 796 1926 prins
820 1851 1013 1912 habitatores
1031 1855 1080 1910 vel
1105 1851 1243 1910 cultores
1270 1851 1365 1912 loco·

283 1970 351 2013 rum
379 1969 396 2012 a
424 1953 489 2014 Deo
519 1953 731 2026 discesserint,
766 1970 805 2013 ex
833 1969 871 2014 eo
895 1959 1013 2013 certum
1043 1959 1104 2025 est,
1136 1951 1220 2027 quod
1253 1956 1364 2014 omnis

284 2056 392 2116 militia
414 2064 593 2117 sanctorum
610 2057 688 2117 solio
712 2056 769 2115 Dei
792 2055 920 2127 assistit,
943 2060 974 2114 et
994 2055 1048 2115 nbi
1073 2056 1153 2115 Deus
1168 2071 1228 2114 non
1254 2055 1363 2129 luerit,

284 2154 328 2217 ibi
352 2174 502 2219 essenon
525 2164 669 2235 possunt.
708 2158 885 2218 Secundum
910 2158 1026 2234 gratiae
1042 2158 1252 2218 ostensionem
1277 2159 1359 2229 dico,

284 2276 342 2319 non
368 2261 539 2321 seeundum
556 2261 677 2320 divinae
700 2260 857 2335 potentiae
874 2259 1121 2332 immensitatem,
1145 2256 1226 2334 qual
1249 2276 1353 2337 neque

284 2362 485 2422 infernalibus
515 2362 615 2434 deest,
645 2361 698 2437 qui
725 2363 844 2420 eaelum
872 2360 979 2437 implet
1007 2377 1043 2421 ac
1071 2369 1195 2420 terram.
1241 2359 1347 2420 Scribit

284 2465 396 2523 etiam⁰
428 2462 600 2540 IosephuS,
638 2463 816 2522 imminente
850 2468 977 2538 propter
1010 2469 1138 2539 peccata
1174 2463 1261 2523 urbis
1301 2482 1351 2523 ex-

286 2565 365 2624 cidio
408 2566 547 2626 auditam
587 2565 684 2625 luisse
723 2565 887 2626 custodum
924 2565 1121 2626 invisibilium
1163 2580 1272 2624 vocem
1314 2566 1350 2625 de

285 2667 483 2728 interioribus
513 2666 635 2744 templi:
673 2673 866 2727 transeamus
899 2685 940 2726 ex
970 2670 1016 2727 bie
1046 2669 1195 2728 sedibus.⁵
1243 2669 1349 2745 Neque
1408 2683 1409 2700 ³

285 2784 360 2828 vero
392 2785 485 2830 sacra
514 2771 584 2830 loca
614 2768 672 2829 illis
701 2775 844 2842 prosunt,
876 2771 929 2845 qui
964 2770 1158 2830 sanctitatem
1192 2772 1347 2845 proiciunt,

286 2870 366 2930 sicut
407 2887 464 2931 nec
496 2875 565 2932 loca
603 2871 729 2930 horrida
762 2872 877 2931 obsunt
913 2871 977 2943 nis,
1014 2872 1065 2947 qui
1098 2872 1218 2932 Domini
1252 2877 1347 2947 gratia
1408 2921 1409 2941 ,

287 2979 498 3050 proteguntur.
534 2974 611 3034 Nam
635 2979 666 3032 et
687 2974 718 3032 in
739 2973 898 3047 praedicta
921 2973 1114 3034 Hierusalem
1139 2976 1345 3048 subversione,

801 3211 815 3252 b

354 3223 422 3289 ⁸0e‚
439 3241 485 3290 per
503 3224 617 3290 prophet.
637 3225 732 3279 dicens.
750 3254 783 3263 —
833 3241 871 3288 oe,
890 3225 959 3292 quia.
979 3253 1009 3262 -
1027 3225 1038 3252 ⁰
1056 3241 1094 3288 oe,
1112 3227 1190 3279 enim.

358 3409 479 3461 ¹Jerem.
498 3410 549 3474 XII,
569 3414 592 3462 t.
619 3440 649 3448 -
680 3411 800 3462 2Μαῒῐλτ.
818 3410 902 3474 XXIII,
921 3413 960 3464 38.
989 3439 1020 3448 -
1049 3414 1060 3450 ³
1083 3408 1174 3476 IReg.
1192 3412 1331 3474 1V‚11.—

288 3499 297 3532 ⁴
314 3493 408 3547 Jerem.
420 3493 473 3558 VII,
489 3499 512 3547 4.
530 3497 616 3547 lertio:
635 3497 790 3561 „Templum
808 3496 951 3547 domomini
969 3500 1021 3546 est“
1041 3511 1091 3546 orn.
1110 3511 1148 3546 oe.
1166 3523 1200 3534 -
1218 3502 1228 3536 δ
1243 3497 1288 3549 Ios.
1304 3496 1333 3546 De

286 3577 353 3629 bello
372 3577 425 3628 iud.
444 3578 462 3629 I.
481 3578 524 3640 VI,
543 3594 564 3630 c.
584 3583 606 3642 5,
626 3583 640 3631 3
664 3579 733 3631 κατὰ
752 3577 781 3630 δὲ
800 3579 849 3648 τὴν
868 3579 972 3651 ἑορτήν,
990 3578 1007 3647 ἣ
1028 3574 1201 3649 Πεντηκοστὴ
1219 3580 1333 3642 καλεῖται,

288 3661 393 3733 νύκτωρ
414 3660 439 3715 οἱ
458 3660 540 3732 ἱερεῖς
560 3661 745 3733 παρελθόντες
764 3663 802 3721 εἰς
820 3665 853 3718 τὸ
872 3663 945 3717 ἔνδον
964 3663 1045 3734 ἱερόν,
1070 3664 1159 3734 ὥσπερ
1178 3663 1333 3721 ceruicibus

287 3745 319 3814 ἠν
338 3748 405 3819 πρὸς
424 3747 473 3805 τὰς
493 3747 668 3818 λειτουργίας,
694 3755 799 3817 πρῶτον
824 3749 872 3817 μὲν
890 3748 1020 3817 κινήσεως
1044 3747 1230 3816 ἀντιλαβέσθαι
1247 3747 1331 3819 ἔφασαν

287 3829 331 3882 καὶ
358 3831 473 3897 κτύπον,
498 3833 567 3901 μετὰ
592 3831 620 3883 δὲ
648 3835 733 3884 ταῦτα
759 3835 804 3886 καὶ
832 3839 921 3904 φωνῆς
951 3829 1070 3902 ἀθρόας·
1099 3831 1329 3902 μεταβαίνομεν

288 3911 456 3969 ἐντεῦθεν.
