2896 4828
552 365 763 424 ...13-

114 540 308 598 mootibus“¹
331 537 500 598 subaudisa
527 541 613 612 patet
641 536 730 596 locus
754 535 889 610 fugiendi
915 537 1077 610 ,anonimo
1107 534 1188 594 Dens

114 642 219 700 iudex
250 645 311 711 est;
338 641 419 699 onoc
446 640 590 697 humiliot
618 644 648 697 et
674 637 756 696 brine
787 639 955 697 exaltabo
1006 637 1060 697 Cui
1093 636 1185 698 etiam

118 741 278 818 propheta
307 741 389 800 dicit:
423 739 508 815 „Otto
538 741 587 800 ibo
616 755 636 796 ο
662 741 773 814 spirito
798 743 866 813 tuo,
892 743 923 796 et
943 755 1002 813 qao
1021 741 1189 814 fupioma

120 849 291 918 conspectu
314 839 404 903 roob?
451 843 486 902 Si
509 841 679 900 ascendero
702 843 734 898 in
757 842 896 899 coelom“
922 847 952 899 et
974 841 1119 917 reliqua.³¹

638 1232 677 1300 V.

246 1401 298 1470 De
325 1402 414 1470 onst‘s
440 1422 525 1492 qnae
550 1400 747 1494 simpliciter·
772 1403 871 1492 st'poa
898 1403 1067 1471 dicontur.

192 1603 235 1661 De
258 1604 343 1663 vasis
373 1619 446 1662 vero
478 1604 619 1664 fusilibus
649 1607 700 1664 vel
728 1605 820 1664 etiam
850 1604 1084 1679 productilibus,
1108 1619 1189 1679 quae

122 1705 302 1781 simpliciter
325 1705 414 1781 signa
436 1713 604 1778 vocantur,
635 1708 709 1783 quia
737 1722 843 1768 eorum
868 1708 1037 1765 sonoritate
1062 1705 1189 1782 quibus-

121 1809 194 1866 dam
217 1810 362 1882 pulsibus
385 1810 522 1870 excitata
545 1809 759 1884 significantur
776 1809 888 1887 horae„
906 1809 1022 1887 quibus
1046 1809 1075 1867 in
1099 1809 1190 1868 domo

123 1912 179 1970 Dei
203 1918 320 1972 statuta
344 1913 540 1972 celebrantur
556 1912 668 1972 officia:
693 1914 731 1971 de
746 1913 806 1982 bis,
830 1914 968 1988 inquam,
993 1911 1067 1971 boeC
1088 1913 1191 1971 dicen-

123 2015 200 2073 dum
224 2014 357 2087 videtur,
386 2016 469 2090 quod
501 2031 610 2076 eorum
637 2031 715 2074 usus
746 2030 806 2074 non
829 2015 909 2074 adeo
934 2016 1015 2090 apud
1044 2015 1189 2088 antiquos

123 2113 253 2175 habitus
283 2117 434 2193 proditur,
464 2117 538 2192 quia
568 2132 626 2176 nec
652 2122 713 2177 tam
745 2117 903 2190 multiplex
932 2115 1015 2192 apud
1038 2131 1092 2176 eos
1115 2130 1189 2174 con·

126 2217 277 2275 ventuum
308 2217 492 2287 assiduitas,
516 2223 548 2276 ut
572 2218 663 2278 modo
688 2224 748 2290 est,
773 2218 952 2280 habebatur.
999 2220 1091 2295 Apud
1114 2217 1191 2276 alios

126 2318 208 2377 enim
239 2319 364 2379 devotio
393 2323 461 2380 sola
490 2320 624 2400 cogebat
651 2321 689 2380 ad
717 2328 851 2382 statutas
880 2321 974 2382 hores
999 2335 1192 2394 concurrere,

125 2421 177 2480 alii
211 2419 548 2497 praenuntiationibusl
581 2425 712 2499 publicis
745 2425 970 2496 invitabuntur,
1002 2434 1031 2484 et
1066 2425 1095 2484 in
1131 2440 1192 2484 una

127 2526 324 2585 solemnitate
359 2525 497 2601 proxime
530 2528 656 2587 suturas
682 2528 853 2589 discebant.
909 2529 1002 2604 Apud
1036 2528 1188 2604 quosdam

126 2628 257 2700 tabulis,
298 2628 379 2704 apud
423 2632 587 2690 nonnullos
634 2631 798 2691 cornibuse
835 2632 933 2691 horae
971 2631 1192 2708 prodebantur.

131 2731 280 2790 Vesorum
309 2737 428 2804 autem,
459 2732 497 2790 de
522 2733 635 2808 quibus
658 2750 760 2794 sermo
784 2740 872 2794 ortus
895 2738 957 2806 est,
982 2747 1071 2792 usum
1096 2732 1192 2807 primo

132 2832 214 2906 apud
236 2833 329 2894 italos
353 2833 506 2894 affirmant
525 2835 692 2897 inventum.
729 2837 818 2898 Unde
835 2842 865 2895 et
880 2851 899 2894 a
914 2817 1097 2910 Campania,
1113 2848 1193 2908 quae

133 2939 181 2994 est
203 2934 307 2994 ltaliae
332 2937 497 3012 provincia,
521 2941 630 2998 eadem
650 2955 732 2999 vasa
748 2939 866 2998 maiora
882 2937 1007 3012 quidem
1023 2947 1194 3010 campanae

133 3038 285 3110 dicuutur,
301 3038 420 3099 minora
434 3056 521 3114 vero,
544 3058 623 3116 quae
640 3050 670 3103 et
685 3059 705 3102 a
720 3058 798 3102 seno
812 3039 1019 3099 tintinnabula
1034 3040 1193 3104 vocantur,

133 3143 220 3202 nolas
249 3143 419 3216 appellant,
444 3159 462 3201 a
484 3145 561 3204 Nola
590 3145 730 3205 eiusdem
760 3143 885 3202 civitate
916 3138 1118 3215 Campaniae,
1142 3138 1193 3198 ubi

132 3243 240 3304 eadem
276 3261 357 3305 vasa
391 3247 488 3322 primo
523 3255 595 3307 sunt
622 3251 837 3306 commentata.
891 3244 969 3319 Quia
999 3258 1071 3301 vero
1101 3241 1193 3302 tubas

134 3362 243 3407 aereas
267 3352 297 3405 et
321 3353 485 3423 argenteas
509 3349 538 3407 in
561 3351 628 3423 lege
652 3347 831 3421 babemus⁴‚
854 3354 884 3405 et
912 3345 1084 3422 propbeta5
1106 3345 1194 3420 quasi

200 3530 213 3557 ³
230 3547 280 3591 em,
299 3533 417 3584 subaudi.
437 3562 468 3570 -
488 3520 500 3560 b
517 3549 555 3595 oe,
574 3550 624 3600 quo
638 3549 652 3584 a
665 3534 728 3583 secie
740 3537 783 3583 tua
796 3533 900 3596 fugiam,
913 3535 941 3580 ut
952 3528 1011 3580 exh.
1024 3527 1105 3590 Vulg.
1118 3523 1194 3574 LXX:

137 3615 185 3662 ποῦ
207 3613 332 3684 πορευθῶ
356 3615 409 3669 ἀπὸ
433 3623 482 3670 τοῦ
505 3616 659 3683 πνεύματός
682 3634 741 3681 οου;
765 3613 810 3668 καὶ
837 3612 889 3666 ἀπὸ
914 3615 963 3663 τοῦ
986 3613 1129 3682 προσώπου
1148 3624 1193 3658 σου

137 3701 185 3750 ποῦ
200 3699 282 3769 φύγω.
300 3734 332 3742 -
351 3706 361 3734 ⁰
380 3720 418 3768 oe,
436 3707 487 3760 hic.
507 3737 537 3744 -
556 3689 570 3730 ἀ
589 3703 653 3763 mlh,
666 3699 922 3768 pronuntiationibus.
935 3715 991 3741 -e
1009 3697 1055 3760 M1,
1068 3695 1194 3746 cordibus.

206 3869 213 3902 1
231 3865 271 3916 Ps.
283 3819 356 3924 rto.
377 3895 407 3902 -
430 3864 494 3914 ²Ps.
505 3864 546 3921 74,
557 3865 570 3913 7
581 3861 638 3910 et8.
658 3886 688 3894 —
709 3860 719 3894 ³
732 3858 773 3910 Ps.
785 3857 841 3918 138,
852 3858 876 3906 7.
894 3881 927 3892 —
946 3858 956 3893 ⁴
968 3849 1075 3902 Numeri
1086 3847 1116 3912 X,
1127 3851 1150 3901 2.
1163 3878 1196 3887 -

163 3951 208 4003 lsa.
226 3953 303 4010 58,1.
624 3973 626 3978 .
