2956 4766
574 341 784 401 -33..

142 512 183 572 ab
206 512 289 571 italis
315 511 445 589 primum
469 512 596 571 inventa
618 511 783 570 traduntur
805 512 853 568 vel
875 509 1040 569 Ambrosio
1060 508 1216 580 videlieet,

143 615 195 673 val
219 614 307 674 aliis³
330 631 414 674 nova
442 613 616 672 divinarum
647 611 776 672 laudum
800 612 1053 686 augmentatione
1076 609 1218 685 gaudeo·
1301 605 1304 608 ’

143 712 252 787 tibusl.
299 715 336 775 llt
363 717 435 793 quia
465 716 617 791 gallicana
646 713 780 772 ecclesia
809 714 885 772 viris
915 731 975 774 non
1000 715 1104 773 minus
1135 713 1217 789 pari-

143 817 273 880 tissimis
296 819 447 877 instructa
470 831 630 876 sacrorum
654 814 823 874 ciliciorum
845 817 1055 876 instrumenta
1081 814 1219 875 habebat

145 935 207 979 non
242 920 382 995 minima,
411 936 451 978 ex
486 918 532 977 eis
562 917 668 993 aliqua
699 917 910 978 Romanorum
944 914 1054 979 oiiieiis
1088 918 1218 976 inmixta

145 1021 304 1094 dicuntur,
333 1037 413 1098 quae
443 1020 583 1096 plerique
614 1025 644 1078 et
670 1018 778 1077 verbis
808 1025 839 1077 et
868 1036 946 1079 sono
977 1036 1011 1080 se
1042 1020 1218 1079 acaeteris

146 1123 288 1184 cantibus
316 1124 495 1183 discernere
519 1137 613 1198 posse
637 1121 796 1182 latentur⁶⁸
843 1121 904 1180 Sed
928 1121 1089 1196 privilegio
1112 1134 1219 1179 rema-

145 1240 206 1284 nae
222 1226 306 1285 sedis
330 1226 498 1288 observato
515 1231 546 1284 et
563 1221 764 1298 congruentia
783 1223 959 1282 rationabili
977 1217 1216 1300 dispositionum

147 1327 230 1404 apud
255 1343 324 1389 eam
347 1327 498 1386 factarum
522 1326 732 1400 persuadente
755 1323 869 1384 iactum
894 1333 952 1396 est,
977 1326 1056 1386 utin
1075 1323 1219 1384 omnibus

96 1419 103 1433 '
146 1445 228 1505 pene
251 1429 432 1490 Latinorum
455 1428 594 1488 ecclesiis
618 1426 814 1487 consuetudo
847 1433 878 1486 et
901 1428 1113 1503 magisterium
1137 1419 1221 1486 'eius-

148 1532 217 1591 dem
246 1532 332 1590 scdis
364 1532 573 1603 praevaleret,
605 1529 679 1604 qlrie
708 1543 769 1587 non
803 1535 851 1588 cst
879 1531 939 1589 alia
969 1530 1092 1589 traditio
1117 1544 1220 1604 aeque

147 1635 312 1708 sequenda
334 1635 382 1691 vel
398 1633 428 1691 in
448 1632 519 1692 fidei
535 1634 645 1708 regula
660 1631 710 1689 vel
727 1631 755 1689 in
774 1630 1029 1692 observationum
1053 1631 1220 1691 doctrina¹

147 1736 205 1795 Est
234 1738 327 1796 etiam
356 1736 407 1794 ille
437 1734 513 1796 ordo
543 1732 713 1794 ciliciorum
745 1729 938 1804 laudabilisl‚
969 1741 1081 1808 queme
1108 1733 1222 1793 beatus

148 1843 238 1914 pater
260 1838 449 1908 Benedictus
473 1833 634 1896 monachis
658 1834 815 1894 constituit
835 1835 1080 1904 observandum,
1105 1835 1223 1893 scilicet

148 1946 184 1999 ut
207 1941 260 2014 qui
282 1941 444 2016 proposito
472 1955 490 1998 a
514 1938 646 1998 caeteris
676 1936 910 2007 discernuntur,
940 1937 1034 1996 etiam
1056 1938 1222 1996 continuae

148 2044 308 2102 servitutis
325 2058 422 2118 penso
434 2040 550 2116 aliquid
564 2039 698 2115 amplius
710 2039 842 2099 caeteris
855 2039 1036 2113 persolvere
1046 2037 1223 2099 studeant²

149 2147 249 2220 Quam
281 2143 517 2220 dispositionem
552 2141 624 2201 ideo
657 2156 674 2198 a
708 2141 886 2215 pastoribus
920 2141 1123 2201 ecclesiarum
1159 2155 1221 2198 non

150 2247 292 2307 interdici
320 2254 484 2322 putamus,
515 2243 589 2318 quie
617 2248 648 2302 et
669 2242 772 2302 vicina
795 2250 843 2302 est
870 2243 1046 2304 auctoritati
1068 2257 1222 2302 romanae

150 2353 183 2407 et
212 2349 285 2422 quia
319 2348 430 2407 beatus
466 2345 633 2421 Gregorius
663 2345 758 2404 vitam
791 2347 907 2420 egregii
937 2345 1032 2419 patris
1062 2343 1221 2405 Benedicti

150 2450 337 2510 describens
367 2450 505 2523 reguiam
534 2449 576 2508 ab.
601 2442 731 2508 eodemf
754 2449 978 2524 conscriptam,
1002 2447 1030 2506 in
1055 2463 1119 2523 qua
1141 2447 1222 2506 idem

151 2552 320 2613 officiorum
338 2552 415 2612 ordo
433 2551 576 2619 habetur,
594 2550 810 2610 conlaudans3
825 2565 883 2609 sua
899 2549 1083 2610 auctoritate
1096 2548 1222 2608 statutis

152 2655 220 2716 eius
251 2657 356 2715 lavero
384 2655 515 2715 videtur.
567 2652 647 2713 Sunt
673 2657 795 2724 tamen,
823 2651 874 2726 qui
903 2652 1010 2712 nescio
1039 2666 1103 2726 qua
1133 2665 1224 2726 prae-

150 2758 328 2832 sumptione
350 2772 412 2816 non
434 2772 473 2815 ea
489 2756 585 2815 veiint
601 2753 820 2816 constitutione
837 2753 889 2824 uti,
912 2754 1052 2814 volentes
1069 2753 1222 2828 pigritiam

151 2862 203 2920 vel
226 2858 461 2936 protervitatem
484 2873 570 2918 suam
594 2858 646 2917 illo
671 2871 822 2916 excusare
846 2852 1009 2929 permissu,
1031 2865 1116 2930 quot
1132 2870 1226 2914 sanc·

150 2960 293 3021 tissimus
326 2958 373 3019 vir
407 2976 461 3036 per
492 2957 673 3020 humilitatis
708 2973 786 3018 suae
825 2955 1069 3029 magnitudinem
1101 2957 1225 3016 videtur

151 3063 334 3134 concedere,
357 3067 392 3121 ut
414 3063 440 3122 si
464 3062 513 3122 cui
536 3061 730 3139 displicuerit
746 3057 922 3118 distributio
940 3058 1018 3127 eius,
1040 3057 1227 3133 quemfecit

152 3160 373 3240 psalmorumlt
406 3164 535 3229 ordinet,
564 3165 590 3222 si
621 3163 709 3222 aliter
742 3162 850 3220 mallus
884 3159 1097 3228 iudicaveritl,
1129 3161 1225 3235 quasi

221 3331 234 3358 ³
251 3347 290 3392 oe,
308 3331 361 3396 alti,
388 3359 419 3368 -
448 3317 518 3392 l'aa
536 3330 668 3394 gaudenti.
694 3357 727 3367 -
754 3327 821 3391 οοε,
839 3327 972 3378 fateantur.
991 3353 1024 3364 -
1048 3311 1116 3388 dm,
1135 3325 1227 3377 lauda·

151 3416 207 3467 bili.
225 3445 258 3456 -
277 3415 289 3443 θ
308 3432 343 3476 m,
361 3431 447 3482 quam.
469 3444 499 3452 -
518 3398 529 3440 f
546 3431 584 3477 oe,
602 3430 641 3464 eo.
664 3442 696 3452 -
716 3413 732 3454 ἕ
754 3412 799 3473 ml,
817 3411 899 3477 quod;
918 3410 954 3460 Ml
976 3425 1062 3477 quem.
1080 3439 1113 3449 -
1136 3397 1149 3438 ¹¹
1169 3410 1226 3462 StG.

152 3517 204 3553 om.
223 3500 392 3566 psalmorum.

549 3605 700 3612 -—--.--
712 3607 767 3612 .-

225 3653 302 3705 1crr.
321 3669 377 3719 sup.
396 3669 455 3720 pag.
474 3658 506 3706 55
526 3659 548 3704 et
566 3657 598 3706 ta
608 3668 645 3719 sq.
665 3683 698 3691 -
718 3655 729 3690 ²
748 3652 797 3704 Cir.
820 3652 883 3715 Reg.
907 3667 927 3702 s.
948 3649 1044 3700 Benad.
1067 3663 1106 3713 ep.
1126 3650 1167 3700 65.
1192 3675 1227 3685 —-

154 3743 165 3778 ³
184 3738 259 3804 Greg.
271 3739 305 3790 Μ.
317 3738 448 3804 dialog-l.
461 3739 490 3790 ll.
509 3765 542 3776 --
562 3744 572 3778 ⁴
591 3737 640 3790 Cir.
658 3737 784 3802 Regulam
804 3753 825 3789 s.
838 3735 933 3786 Bened.
952 3749 990 3799 cp.
1005 3735 1043 3786 18.
1064 3732 1135 3796 „Hoc
1153 3747 1228 3797 prae·

152 3826 229 3890 cipue
250 3830 455 3889 commonentes,
482 3828 510 3875 ut
533 3824 556 3874 si
579 3824 621 3874 eui
644 3824 706 3873 sorte
729 3821 792 3872 hacc
820 3819 963 3872 distributio
988 3816 1149 3882 psalmorum
1173 3817 1229 3868 dis-

151 3909 279 3976 plicuerit,
297 3909 405 3973 ordinet,
423 3911 444 3960 si
463 3909 556 3962 melius
574 3907 648 3959 aliter
665 3907 825 3970 iudicaverit,
844 3906 905 3957 dum
926 3902 1084 3956 omnimodis
1102 3903 1128 3954 id
1147 3907 1228 3954 atten-

990 3988 1026 4040 ga
