3008 4780
528 401 843 481 ¹-101-

196 586 296 647 cappa
317 572 401 632 beati
424 572 552 644 Martini,
576 588 669 648 quam
693 587 784 646 reges
807 570 993 630 Francorum
1016 568 1054 628 ob
1078 570 1262 630 adiutorium

195 673 343 733 victoriae
367 673 397 732 in
422 675 546 750 praeliis
567 675 709 734 solebant
731 688 838 732 secum
861 670 988 742 habere,
1013 687 1105 747 quam
1129 673 1263 733 serentes

195 782 226 833 et
248 776 460 836 custodientes
477 793 546 836 cum
568 778 700 838 caeteris
717 781 896 836 sanctorum
912 775 1049 849 reliquiis
1072 775 1174 835 clerici
1191 791 1263 851 cap-

195 879 309 954 pellani
340 885 510 954 coeperunt
539 880 655 938 vocari.
679 875 839 937 —Porro
869 877 949 936 sicut
976 877 1105 936 comites
1137 877 1262 952 quidam

197 981 309 1041 missos
337 997 412 1041 suos
436 987 635 1057 praeponunt
658 967 874 1056 popularibus,
903 979 955 1052 qui
984 979 1118 1039 minores
1149 995 1263 1040 causas

195 1083 413 1156 determinent,
444 1085 520 1158 ipsis
551 1083 669 1151 maiora
696 1086 870 1157 reservent,
900 1081 943 1140 ita
970 1079 1093 1156 quidam
1124 1084 1264 1158 episcopi

195 1185 457 1261 chorepiscoposa
487 1183 618 1255 habent,
654 1186 706 1260 qui
739 1186 768 1244 in
803 1183 896 1242 rebus
933 1183 991 1242 sibi
1022 1183 1263 1257 congruentibus

196 1303 276 1363 quae
301 1287 502 1361 iniunguutur
525 1285 668 1346 alliciunt.
687 1319 724 1328 -
743 1285 917 1346 Centenarii
933 1285 986 1360 qui
1002 1289 1033 1342 et
1048 1283 1264 1345 centurionesb

194 1391 246 1449 vel
262 1390 379 1458 vicarii,
404 1390 456 1464 qui
480 1404 533 1464 per
558 1404 656 1464 pagos
673 1390 778 1449 statuti
798 1396 878 1460 sunt,
903 1385 1094 1463 presbyteris
1118 1386 1263 1462 plebium,

196 1493 248 1568 qui
271 1492 471 1565 baptismales
495 1491 646 1551 ccclesias
669 1497 775 1550 tenent
797 1497 828 1549 el
849 1490 1020 1549 minoribus
1050 1489 1264 1564 praesbyteris

196 1601 355 1670 praesunt,
372 1593 503 1654 conlerri
520 1599 645 1670 queunt.
661 1627 703 1637 -
719 1594 912 1653 Decuriones
928 1593 979 1652 vel
996 1591 1113 1662 decani,
1138 1593 1189 1668 qui
1205 1593 1263 1653 sub

193 1697 271 1773 ipsis
290 1695 415 1755 vicariis
439 1695 594 1771 quaedam
617 1691 737 1756 minora
760 1701 914 1766 exercent,
936 1694 1108 1754 minoribus
1133 1695 1264 1770 presby-

194 1799 268 1860 teris
283 1799 439 1858 titulorum
455 1806 588 1874 possunt
605 1800 787 1874 comparari.
800 1833 841 1841 —
855 1797 920 1858 Sub
937 1797 1012 1872 ipsis
1029 1797 1176 1856 ministris
1194 1813 1264 1856 cen-

193 1902 381 1961 tenariorum
399 1908 472 1960 sunt
487 1900 590 1961 adhuc
605 1901 747 1974 minores,
772 1903 823 1977 qui
844 1895 1020 1975 collectarii,
1044 1901 1265 1974 quaterniones

193 2005 244 2063 vel
268 2003 421 2064 duumviri
446 2009 576 2079 possunt
599 2004 763 2079 appellari,
796 2003 869 2080 quia
893 2001 1040 2075 colligunt
1065 2002 1211 2076 populum
1234 2008 1264 2060 et

194 2104 263 2180 ipso
293 2121 423 2164 numero
454 2105 627 2173 ostendunt,
659 2121 693 2165 se
724 2105 850 2164 decanis
882 2113 969 2164 esse⁰
996 2103 1142 2162 minores.
1187 2101 1267 2163 Sunt

195 2213 299 2267 autem
324 2209 394 2284 ipsa
416 2207 571 2268 vocabula
595 2208 632 2266 ab
656 2209 785 2285 antiqua
809 2203 1034 2268 consuetudine
1057 2212 1205 2278 mutuata,
1235 2206 1264 2264 in

196 2325 258 2384 qua
283 2309 385 2368 cilicia
409 2312 616 2395 praelatorum
641 2309 822 2370 dicebantur
845 2326 885 2368 ex
908 2324 1037 2368 numero
1056 2307 1262 2368 subiectorum

194 2418 229 2470 ut
255 2417 330 2472 sunt
360 2409 518 2470 chiliarchi
547 2426 668 2486 graece,
699 2413 792 2470 latine
821 2409 989 2479 millenarii,
1020 2411 1185 2470 centenarii
1215 2413 1264 2470 vel

195 2515 402 2582 centuriones,
436 2512 688 2590 pentacontarchi
710 2515 761 2572 vel
784 2514 1051 2588 quinquagenarii,
1082 2512 1192 2572 decani
1214 2515 1264 2573 vel

194 2616 393 2689 decuriones,
425 2617 659 2695 quaterniones,
688 2616 852 2676 duumviri.
877 2648 916 2658 -
940 2615 990 2674 Ad
1013 2615 1136 2686 horum,
1160 2611 1193 2676 id
1217 2623 1266 2676 est

195 2714 366 2776 minorumd
392 2719 619 2778 similitudinem
650 2725 721 2776 sunt
749 2717 871 2777 diaconi
902 2723 932 2776 et
955 2717 1149 2788 subdiaconi,
1178 2735 1265 2793 pres-.

195 2818 375 2893 byterorum
389 2820 548 2880 adiutores
563 2821 591 2879 in
604 2819 711 2890 verbo,
724 2819 878 2893 baptismo
891 2823 921 2877 et
933 2818 1089 2878 cotidiano
1103 2818 1211 2880 oliicio.
1223 2854 1263 2863 —

197 2919 276 2981 Sunt
297 2922 387 2982 etiam
405 2922 664 2998 archipresbyteri
687 2923 716 2980 in
739 2921 908 2997 episcopiis
925 2921 1142 2980 canonicorum
1160 2937 1264 2980 curam

197 3027 352 3094 gerentes
368 3056 409 3065 -
425 3024 546 3083 Habent
562 3029 591 3083 et
615 3029 779 3100 potentese
802 3024 918 3083 saeculi
939 3022 1133 3082 consiliarios
1156 3023 1185 3081 in
1209 3022 1264 3082 do-

196 3124 335 3183 mesticis
358 3125 577 3184 et'libcrorum
594 3127 795 3200 paedagogos
812 3141 949 3194 suorum,
972 3123 1091 3183 habent
1112 3122 1171 3198 ipsi
1193 3140 1264 3200 pro-

195 3233 355 3286 curatores
384 3227 428 3285 rei
462 3226 635 3300 familiaris;
670 3229 809 3287 similiter
842 3227 872 3284 in
908 3226 1264 3303 quibusdamecclesiis

195 3323 253 3390 adf
276 3328 512 3389 archidiaconos
541 3329 674 3388 familiae
697 3329 823 3405 respicit
845 3329 1038 3404 gubernatio.
1063 3361 1100 3368 -
1126 3327 1205 3387 Sunt
1232 3330 1262 3387 in

196 3431 410 3490 saecularibus
434 3433 662 3506 quaestionarii,
686 3432 716 3489 id
741 3437 789 3491 est
812 3433 864 3506 qui
887 3447 959 3490 reos
984 3430 1168 3500 examinant,
1193 3436 1265 3490 sunt

196 3531 225 3590 in
250 3533 384 3592 ecclesia
400 3521 584 3609 exorcistae,
607 3534 793 3592 daemonum
815 3535 995 3592 exclusores
1002 3556 1011 3606 3
1034 3531 1149 3592 habent
1172 3533 1264 3591 aulae

197 3633 367 3706 potentium
395 3636 551 3708 ianitores,
582 3635 677 3695 habet
704 3643 735 3694 et
758 3635 870 3694 domus
891 3629 949 3695 Dei
979 3635 1139 3708 ostiarios3
1170 3634 1265 3694 habet

264 3865 277 3892 ⁸
294 3883 332 3931 oe,
356 3871 529 3934 coepiscopos.
553 3899 586 3906 —
609 3857 680 3930 boe,
703 3868 902 3920 centenariones.
921 3899 952 3906 —
971 3866 984 3896 ⁰
1002 3868 1047 3930 ml,
1070 3884 1121 3918 orn.
1144 3884 1208 3920 esse.
1231 3897 1265 3904 —

196 3936 266 4012 doe,
286 3966 335 4002 om.
354 3953 381 4003 id
400 3959 437 4004 est
455 3955 592 4006 minorum.
611 3981 645 3990 —
664 3951 675 3980 θ
694 3969 731 4016 oe,
749 3958 893 4018 potestates.
911 3982 942 3991 —
961 3939 973 3981 s
989 3969 1027 4012 oe,
1046 3969 1097 4004 om.
1115 3951 1196 4021 addiza
