3008 4780
677 377 888 438 -72...

252 547 359 622 patula
381 546 434 622 sit;
458 549 596 624 ampulla
619 549 710 623 quasi
735 563 841 624 parum
859 549 972 626 ampla.
1013 545 1213 624 zepherinus,
1228 546 1322 605 llVl.t

254 665 402 709 romanus
438 650 589 724 pontifex,
627 652 747 725 patenis
774 650 882 711 vitreis
915 650 1030 709 missas
1062 648 1218 708 celebrare
1251 662 1323 706 con·

253 750 377 822 stituit¹,
400 757 468 811 tum
486 753 597 812 deinde
612 751 767 823 Urbanus,
782 751 891 810 XVlll.
910 765 999 828 papa,
1018 750 1120 810 omnia
1135 745 1324 809 ministeriab

257 857 382 912 saerata
410 854 481 915 lecit
503 860 652 930 argentea
681 861 711 913 et
738 859 869 929 patenas
899 851 1018 910 XXV.²
1072 852 1103 909 ln
1132 849 1194 910 hoe
1224 850 1323 910 enimc

253 952 335 1014 siout
357 959 388 1014 et
410 954 440 1014 in
463 957 591 1032 reliquis
615 956 750 1016 cultibus
773 956 873 1030 magis
893 965 924 1014 et
944 954 1043 1030 magis
1061 970 1115 1029 por
1130 951 1322 1012 incrementa
1365 968 1370 980 ·

252 1060 428 1132 temporum
459 1059 556 1126 denus
586 1060 742 1118 succrevit
775 1059 937 1118 ecclesiae.
993 1055 1170 1114 Bonilacius
1205 1059 1322 1130 martyr

254 1163 284 1216 et
312 1160 480 1236 episeopus
510 1159 732 1235 interrogatus,
757 1161 791 1219 si
825 1161 930 1220 liceret
962 1160 991 1218 in
1027 1151 1184 1217 vasculiscl
1210 1156 1322 1231 ligneis

253 1267 451 1320 sacramenta
466 1259 628 1333 conticere,
644 1263 818 1336 respondit:
842 1261 1013 1339 „quondam
1034 1259 1215 1319 sacerdotes
1232 1261 1323 1318 aurei

254 1365 366 1438 liuteis
390 1363 541 1424 culicibus
563 1365 739 1439 utebantur,
761 1380 844 1422 nono
867 1379 883 1421 e
907 1355 1018 1422 eontra
1034 1363 1130 1436 liquet
1142 1362 1323 1422 sacerdotes

221 1515 224 1521 .
253 1467 358 1524 aureis
380 1470 508 1523 utuntur
524 1466 703 1525 calicibus.“
741 1463 902 1542 Sylvester
914 1479 998 1541 papa
1013 1465 1201 1533 constitutit,
1226 1465 1321 1524 saeri-

252 1566 359 1625 fioium
383 1567 492 1626 altaris
515 1583 575 1627 non
599 1567 629 1625 in
654 1567 763 1636 serico,
786 1583 848 1625 non
872 1567 901 1624 in
918 1582 1021 1641 panno
1044 1567 1137 1625 tincto
1161 1565 1321 1636 celebrari,

255 1669 314 1728 nisi
336 1674 456 1726 tantum
484 1668 565 1738 lineo
597 1685 613 1727 e
643 1675 727 1727 terra
750 1674 931 1746 procreato,
961 1669 1041 1728 sieut
1064 1683 1177 1743 eorpus
1201 1667 1321 1727 Domini

254 1771 352 1830 nostri
393 1770 465 1829 lesu
499 1768 613 1830 Christi
654 1771 685 1830 in
724 1770 856 1832 sindone
897 1771 1014 1830 munda
1052 1770 1209 1845 sepultum
1246 1772 1319 1828 est.l

251 1870 368 1931 Vestes
402 1872 495 1931 etiam
524 1873 736 1933 sacerdotales
757 1887 824 1949 'per
853 1874 1045 1933 incrementa
1076 1872 1116 1930 ad
1148 1887 1232 1942 eum,
1265 1872 1317 1946 qui

254 1987 338 2032 nune
360 1971 494 2032 habetur
510 1983 622 2035 auctae
639 1980 712 2035 sunt
728 1983 877 2036 ornatum.
913 1975 989 2034 Nam
1005 1973 1112 2048 primis
1127 1972 1317 2051 temporibus

253 2076 410 2134 communi
424 2069 604 2136 indumento
620 2079 725 2138 vestiti
739 2077 855 2137 missas
870 2077 1013 2154 agebant,
1030 2077 1111 2137 siout
1122 2082 1154 2135 et
1168 2075 1320 2136 haetenus

252 2175 380 2252 quidam
408 2179 600 2238 orientalium
628 2179 730 2240 lacere
758 2179 967 2254 perhibentur.
1013 2177 1193 2258 Stephanus
1217 2185 1321 2237 autem

1155 2446 1170 2487 d

321 2461 396 2526 ι11111,
413 2462 503 2513 XXVI.
524 2492 554 2500 -
576 2450 588 2490 b
607 2463 651 2526 lm,
665 2466 795 2518 ministris.
813 2494 847 2502 -
866 2464 876 2492 ⁰
895 2481 934 2525 oe,
946 2479 997 2515 om.
1009 2462 1085 2513 enlm.
1104 2488 1138 2498 -
1188 2475 1225 2523 oe,
1242 2460 1320 2513 vasis.

324 2749 509 2814 ¹20Pherissus
531 2767 598 2817 papa
623 2755 765 2807 too-217.
808 2751 870 2814 „Hie
894 2752 1009 2802 lecit...
1029 2749 1195 2799 constitutum
1221 2749 1252 2800 de
1279 2763 1320 2799 ec-

251 2834 342 2898 elesia,
365 2839 389 2885 et
411 2839 516 2899 patenas
533 2837 626 2889 vitreas
650 2844 707 2889 ante
729 2837 872 2888 sacerdotes
894 2833 921 2887 in
944 2835 1051 2886 eeclesia
1068 2837 1093 2884 et
1110 2833 1240 2884 ministros
1257 2848 1320 2898 sup-

252 2925 387 2985 portantes,
406 2919 487 2972 donee
505 2923 641 2987 episcopus
654 2925 745 2973 missas
756 2921 901 2984 celebraret,
919 2925 977 2971 ante
989 2936 1016 2971 se
1028 2918 1172 2971 sacerdotes
1184 2919 1320 2980 adstantes,

252 3008 289 3057 sio
310 3007 404 3057 missae
422 3005 631 3058 celebrarentur.“
669 3006 749 3058 Dueh.
768 3006 785 3069 l,
799 3007 855 3057 139.
874 3033 907 3042 -
928 3007 938 3042 ²
956 3004 1075 3056 Urbanus
1092 3020 1159 3071 papa
1176 3004 1319 3056 222-230.
1354 3037 1358 3048 ι

254 3092 318 3153 „llic
337 3092 395 3142 feeit
412 3093 553 3143 ministeria
571 3097 667 3142 saerata
685 3092 772 3142 omnia
789 3094 909 3154 argentea
932 3093 957 3140 et
974 3094 1078 3154 patenas
1097 3094 1231 3154 argenteas
1248 3086 1319 3138 XXV

252 3178 360 3239 posuit.“
389 3177 471 3229 Duch.
490 3177 506 3240 l,
521 3179 578 3230 143.
597 3207 629 3216 -
648 3180 660 3214 ³
679 3175 801 3226 Silvester
817 3189 884 3240 papa
902 3177 1045 3228 att-3³5.
1066 3175 1128 3237 ,llio
1145 3173 1282 3234 coustituit,
1294 3175 1320 3220 ut

254 3261 407 3312 sacrificium
426 3261 513 3314 altaris
530 3278 582 3313 non
600 3263 627 3313 in
639 3261 748 3311 sericum
761 3275 844 3326 neque
857 3260 884 3310 in
896 3275 1012 3325 pannum
1024 3261 1132 3311 tinctum
1144 3258 1320 3318 celebraretur,

252 3346 303 3396 nisi
321 3350 419 3397 lantum
438 3349 465 3397 in
483 3347 582 3398 lineum
599 3351 727 3397 terrenum
745 3348 913 3410 procreatum,
932 3347 996 3396 sicul
1013 3360 1106 3410 eorpus
1124 3344 1224 3394 domini
1242 3342 1320 3392 nostri

253 3429 309 3481 lesu
328 3428 422 3481 Christi
439 3433 467 3482 in
485 3432 621 3500 sindonem
639 3429 734 3480 lineam
754 3429 879 3480 mundam
891 3430 1007 3494 sepultus
1024 3435 1073 3493 est;
1091 3430 1128 3479 sio
1146 3428 1237 3478 missas
1254 3424 1321 3476 cele-

252 3515 410 3566 brarentur.“
440 3514 521 3567 Dueh.
540 3515 557 3577 l,
573 3518 628 3568 111.
658 3513 736 3576 „Quis
749 3513 864 3565 fidelium
878 3515 957 3565 nescit
968 3515 1040 3579 ligna
1052 3513 1158 3578 (altaris)
1171 3511 1321 3563 linteamine

253 3601 405 3668 cooperiri?
442 3598 508 3650 Inter
531 3601 587 3664 ipsa
609 3604 767 3650 sacramenta
790 3599 909 3650 velamen
927 3601 1008 3665 potuit
1025 3599 1104 3664 tangi,
1124 3613 1175 3648 non
1193 3594 1318 3659 lignum.“

254 3683 336 3750 Optat.
354 3683 441 3735 Milev.
478 3683 513 3736 [le
530 3683 634 3735 schism.
654 3683 742 3734 [tonat.
761 3682 810 3745 Vl,
829 3686 852 3737 1.
888 3683 953 3749 „ipsi
972 3683 1107 3754 (Vandali)
1134 3681 1219 3745 rapaci
1243 3693 1321 3730 manu

252 3775 343 3822 cuneta
366 3768 589 3834 depopulabantur
615 3773 690 3835 atque
714 3769 746 3819 de
768 3769 865 3836 palliis
887 3771 998 3829 altoris,
1022 3781 1067 3831 pro
1091 3765 1174 3816 netas!
1204 3765 1321 3816 camisias

253 3855 302 3907 sibi
320 3860 344 3906 et
362 3854 494 3906 femoralia
512 3854 660 3905 iaciebanl.“
696 3852 763 3903 Viet.
777 3853 829 3904 Vit.
842 3852 904 3903 Hist.
918 3855 1042 3916 persecut.
1061 3849 1078 3914 l,
1090 3852 1130 3903 39.
1150 3856 1211 3890 -t
1232 3848 1319 3900 Matth.

252 3939 352 4001 XXVII,
366 3942 405 3992 59.
443 3938 490 3989 Hie
507 3940 618 4004 exspirat
635 3939 691 3990 eod.
710 3937 744 3989 lt.
