2956 4766
584 413 794 474 ...491-

155 581 226 640 titur
249 583 583 656 supersubstantialem
609 582 743 659 intellegi
760 601 819 644 non
839 585 1027 646 cotidianum
1043 584 1221 659 voluerunt;

155 688 184 741 et
205 685 252 743 sic
273 683 375 756 fiebat,
399 691 432 743 ut
448 685 500 760 qui
524 685 621 744 semel
646 701 702 759 per
722 685 929 746 ebdomadam
954 687 1223 747 communicabant

154 787 250 844 semel
274 786 368 847 etiam
392 789 565 846 orationem
586 787 770 847 dominicam
791 796 1000 849 recenserent.
1047 788 1222 865 Cyprianus

154 892 254 946 autem
285 888 396 947 cotidie
426 889 590 950 dicendam
620 904 691 948 esse
721 889 856 948 ostendit
886 890 1006 950 dicens:
1038 893 1161 966 „itaque
1192 894 1223 951 in

153 991 295 1050 oratione
330 993 484 1052 dominica
515 1007 628 1066 panem
652 995 799 1070 *nostram
833 994 866 1051 id
893 998 938 1051 est
967 993 1119 1052 Christum
1152 994 1226 1053 dari

153 1093 238 1152 nobis
254 1094 366 1151 cotidie
384 1096 528 1168 petimus,
553 1097 588 1150 at
609 1095 708 1166 quiin
726 1093 846 1154 Christo
862 1111 1021 1154 manemus
1036 1099 1067 1153 et
1088 1098 1222 1175 vicimus,

153 1195 445 1266 asanctidcationc
472 1203 503 1254 et
529 1211 663 1271 corpore
690 1199 755 1254 cias
781 1212 841 1256 aaa
872 1198 1102 1256 recedamus.“¹
1145 1198 1222 1256 Item

151 1285 306 1355 Hilarius:
330 1302 378 1368 „et
399 1299 472 1373 qaia
490 1297 647 1356 cotidiana
662 1299 765 1356 oratio
782 1305 837 1372 cst,
862 1299 975 1357 cotidie
990 1315 1110 1374 palaque
1127 1302 1223 1374 panis

151 1400 232 1457 citae
257 1404 293 1456 at
313 1399 404 1456 detur
427 1399 590 1458 oratur.“2
616 1401 618 1409 '
635 1397 665 1458 S.
682 1401 763 1472 Aug.
780 1399 866 1459 dicit:
890 1402 946 1472 „dc
963 1402 1127 1461 cotidianis
1141 1419 1223 1476 par·

151 1483 258 1574 aisque
268 1500 423 1574 peccatis,
447 1502 512 1558 siae
528 1501 637 1576 quibas
651 1503 716 1560 cita
732 1501 812 1560 baec
827 1519 889 1562 noa
905 1504 1039 1574 ducitur,
1064 1504 1223 1564 cotidiana

150 1604 256 1661 oratio
283 1603 423 1673 fideliam
457 1603 615 1677 satisfacit
649 1603 801 1662 errori.“³
849 1602 1069 1677 Superioribus
1099 1605 1224 1680 quidem

151 1703 190 1760 ita
213 1708 250 1763 ut
271 1701 465 1777 praedictum
488 1710 537 1762 est
559 1704 754 1777 complacuit,
785 1703 853 1763 aliis
876 1721 951 1765 vero
981 1723 1041 1766 non
1065 1710 1169 1766 solum
1193 1709 1223 1766 in

150 1804 317 1864 dominicis
334 1811 364 1862 et
386 1804 471 1864 lestis
496 1805 696 1878 generalibus
720 1812 754 1863 ut
777 1810 850 1864 sunt
867 1807 1019 1878 nativitas,
1045 1809 1223 1883 epiphania,

150 1905 282 1981 pascha,
311 1907 455 1967 ascensio
480 1906 602 1966 Domini
631 1913 662 1966 et
690 1913 901 1982 pentecostes,
930 1924 1039 1967 verum
1071 1911 1164 1970 etiam
1192 1911 1221 1968 in

151 2009 305 2069 nataliciis
335 2014 514 2068 sanctorum
545 2010 717 2068 divinorum
748 2024 911 2068 munerum
941 2010 1128 2070 celebranda
1150 2027 1223 2072 esse

150 2111 314 2188 mysteria.
359 2111 486 2185 Legitur
508 2111 597 2169 enim
612 2110 699 2168 Felix
719 2110 832 2168 XXVII
855 2126 938 2186 papa
961 2111 1166 2180 constituisse,
1189 2120 1223 2172 ut

150 2230 250 2289 super
272 2213 439 2272 memorias
462 2217 635 2286 martyrum
663 2213 778 2272 missae
801 2214 1064 2288 celebrarentur43
1094 2213 1150 2273 sed
1177 2222 1224 2274 etl

151 2316 265 2376 beatus
296 2314 464 2390 Gregorius
495 2329 576 2388 papa
606 2313 636 2371 in
663 2314 771 2374 ordine
802 2314 896 2374 LXVI
927 2314 1098 2391 praecepit,
1128 2331 1229 2391 super

150 2430 267 2492 corpus
300 2416 382 2476 beati
405 2416 486 2476 Petri
516 2416 648 2492 apostoli
678 2415 744 2475 fieri
767 2417 911 2476 missas.⁵
960 2415 1016 2475 His
1044 2415 1087 2474 ita
1117 2417 1224 2477 obser-

148 2521 234 2579 vatis
251 2526 422 2594 coeperunt
436 2518 574 2578 iuniores
591 2523 731 2591 tempore
747 2519 888 2593 sequenti
897 2514 909 2552 ὓ
932 2517 1024 2578 ferles
1041 2515 1223 2578 ieiuniorum

150 2629 286 2696 augerec
320 2622 476 2680 veraciter
509 2621 737 2693 intellegentes,
774 2635 885 2695 panem
917 2619 1003 2678 illum
1035 2620 1224 2681 cotidianum

219 2822 233 2850 Β
250 2837 288 2883 oe,
307 2837 359 2872 om.
377 2826 407 2871 et.
427 2849 459 2858 -
479 2809 491 2848 b
511 2835 531 2880 c,
550 2820 638 2869 secuti.
658 2848 689 2856 —
708 2819 718 2846 ⁰
737 2835 758 2879 c,
776 2836 860 2883 agere.

223 2989 328 3056 ¹Cypr.
356 2991 392 3042 De
415 2991 545 3041 dominica
571 2990 683 3039 oratione
707 3004 746 3053 cp.
771 2989 810 3040 18.
844 2989 910 3040 Edit.
933 2989 1026 3053 blanel,
1053 2990 1224 3040 Vindobouae

150 3078 226 3140 1868,
245 3091 269 3141 p.
284 3077 341 3127 280.
361 3105 392 3113 —
414 3079 425 3112 ²
445 3075 525 3138 „Quia
542 3074 692 3140 quotidiana
709 3074 788 3123 oratio
806 3079 850 3136 est,
869 3073 982 3139 quotidie
995 3088 1096 3138 quoque
1108 3076 1136 3123 ut
1151 3072 1225 3123 detur

149 3160 196 3227 (sc.
215 3161 291 3226 panis
310 3161 377 3212 vitae
395 3165 419 3210 et
437 3161 511 3224 panis
530 3176 543 3210 a
561 3158 644 3227 coelo)
663 3164 772 3209 oratur.“
810 3158 858 3209 Hil.
878 3160 1021 3221 fragmenta
1033 3157 1120 3221 Migne
1137 3172 1157 3208 s.
1170 3155 1225 3208 lx

150 3249 208 3298 725.
236 3273 272 3283 -
298 3249 309 3282 ³
331 3245 382 3307 „De
409 3245 565 3310 quotidianis
588 3249 672 3295 autern
697 3243 819 3294 brevibus
842 3240 994 3306 levibusque
1019 3242 1143 3306 peccatis,
1170 3241 1225 3291 sine

150 3332 245 3394 quibus
263 3329 326 3380 haec
337 3331 391 3378 vita
403 3344 455 3379 non
468 3329 577 3392 ducitur,
596 3329 746 3394 quotidiana
762 3324 878 3376 fidelium
890 3327 970 3376 oratio
982 3327 1125 3377 satisfacit!
1153 3326 1224 3390 Aug.

153 3413 283 3464 Enchirid.
303 3413 334 3464 de
346 3414 405 3473 lide,
421 3429 466 3479 spe
478 3418 502 3465 et
513 3413 634 3465 charitate
647 3429 685 3478 cp.
701 3414 739 3463 71.
770 3410 857 3475 Migne
874 3427 894 3461 s.
906 3409 924 3461 l.
938 3413 978 3474 40,
996 3427 1021 3476 p.
1035 3413 1093 3463 265.
1114 3412 1223 3471 „errori“

149 3497 294 3562 corruptela
311 3514 367 3549 esse
385 3499 493 3561 videtur,
512 3515 542 3549 ex
562 3500 640 3550 verbo
660 3501 779 3559 „eorum“
800 3495 847 3564 (est
865 3496 933 3546 enim
952 3499 1014 3558 etc),
1038 3495 1108 3561 quod
1131 3497 1224 3545 imme·

151 3582 219 3632 dicte
237 3584 351 3648 sequitur
369 3584 438 3648 apud
456 3585 526 3647 Aug.
544 3611 578 3620 -
596 3587 607 3620 ⁴
627 3581 689 3642 „Hic
701 3581 829 3630 constituit
841 3595 918 3644 supra
931 3581 1067 3631 memorias
1080 3575 1224 3645 martyrum

152 3667 244 3716 missas
266 3666 418 3718 celebrare.“
456 3668 511 3718 Lib.
537 3666 626 3731 pontis.
647 3665 785 3717 Duodesaa
803 3665 812 3713 l
831 3666 888 3727 158,
911 3665 954 3716 clr.
976 3664 1012 3715 De
1030 3663 1119 3722 Bassi,
1143 3664 1227 3713 Roma

152 3756 292 3804 sotteranea
308 3757 326 3802 t.
343 3752 381 3815 ΙΙΙ,
399 3767 424 3816 p.
442 3753 492 3804 489
503 3765 558 3815 sqq.
579 3779 610 3788 -
630 3754 641 3786 ⁵
659 3749 722 3812 „Hic
745 3751 802 3800 lecit
820 3754 847 3798 ut
864 3763 942 3812 super
960 3764 1052 3812 corpus
1074 3748 1141 3799 beati
1158 3748 1227 3798 Petri

153 3835 244 3885 missas
261 3836 473 3888 celebrarentur.“
510 3836 568 3887 Lib.
587 3835 677 3885 Pontis.
696 3834 779 3884 Duch.
797 3833 813 3896 l,
833 3835 889 3895 312,
913 3833 956 3883 clr.
974 3832 1059 3883 Bedae
1077 3831 1141 3883 Hist.
1163 3832 1225 3884 eccl.

153 3917 169 3968 l,
187 3918 208 3967 ll
233 3935 246 3970 c
267 3957 273 3972 .
292 3923 315 3972 1.

203 3937 351 4056 ingpfler,
369 4002 483 4044 walafridi
498 4003 565 4045 Strab.
581 4002 636 4044 liber
649 4003 675 4044 de
690 4002 787 4045 exordiis
802 4009 840 4044 etc.
1006 3988 1021 4036 4
