2896 4828
658 303 700 314 ..
744 267 868 328 26·-

232 442 397 511 colebrata,
420 439 476 499 sed
500 439 592 498 etiam
613 439 753 498 seeundo
778 439 827 497 vel
849 436 938 496 tertio
962 441 1033 512 post
1054 436 1264 498 eversionem
1280 443 1329 496 et

232 543 479 617 profanationem
510 541 648 600 eiusdem
680 539 787 616 templi
820 544 950 614 propter
980 545 1109 614 peccata
1142 539 1260 614 populi
1294 554 1328 598 a

214 637 377 719 ‘gentibus
392 649 609 720 perpetratam.
627 659 698 702 eum
713 641 946 702 reaedificatum
963 639 1023 698 sub
1040 639 1219 700 Zorobabel
1239 641 1327 700 sive

232 745 290 806 sub
318 744 497 804 Machabeis
529 747 638 806 luisset
665 743 869 819 purificatum,
901 743 1012 801 iterata
1043 737 1205 802 dedicatio
1242 749 1327 802 esta

232 849 428 910 subsecuta.¹
477 848 566 908 Unde
597 864 650 914 ea,
683 862 763 921 quae
795 844 964 905 novissime
997 843 1079 902 laeta
1109 849 1157 903 est
1190 842 1325 904 hiemis

232 955 380 1024 tempore,
414 965 514 1026 usque
549 950 587 1010 ad
621 955 763 1024 tempora
797 946 954 1022 passionis
986 944 1099 1020 Christi
1131 944 1321 1005 observata

232 1051 438 1126 cognoscitur,
462 1055 542 1112 sieut
564 1051 712 1126 seriptum
737 1056 786 1108 est
807 1049 838 1106 in
860 1049 1021 1122 evangelio
1041 1047 1184 1106 loannis:
1205 1051 1320 1123 faeta

229 1159 305 1212 sunt
331 1157 461 1213 encenia
491 1157 523 1212 ia
546 1151 767 1226 iherosolimis,
800 1159 831 1210 et
859 1152 955 1210 hiems
977 1157 1049 1209 eret
1076 1156 1105 1209 et
1133 1149 1322 1224 reliqua23

231 1269 302 1314 nam
326 1263 468 1314 caeterae
492 1254 574 1313 duae
605 1254 673 1312 aliis
706 1254 776 1313 anni
804 1252 997 1328 temporibus
1024 1252 1132 1321 laetae,
1166 1253 1321 1325 septimo

230 1357 374 1416 videlieet
396 1363 426 1415 et
457 1356 554 1432 primo
578 1371 687 1415 mense
707 1361 882 1432 narrantur.
927 1355 1083 1414 Invenitur
1109 1354 1201 1413 etiam
1227 1368 1320 1412 con-

231 1458 299 1518 eilio
323 1457 486 1533 agathensi
510 1463 667 1530 statutum,
691 1465 725 1517 ut
747 1459 844 1518 altare
866 1462 999 1532 ungatur
1021 1463 1052 1518 et
1073 1455 1322 1516 benedicatur.³

231 1559 317 1619 Haec
340 1561 463 1635 quidem
488 1568 517 1617 et
538 1560 600 1619 alia
622 1561 765 1636 exempla
781 1559 1020 1620 dedicandorum
1045 1559 1199 1618 habemus
1224 1563 1319 1615 tern-

231 1663 351 1738 plorum
376 1668 406 1721 et
430 1662 580 1738 altarium,
603 1678 662 1721 non
685 1660 787 1719 minus
810 1661 851 1719 ad
873 1660 957 1720 haue
973 1659 1203 1720 observantiam
1230 1673 1315 1732 pro·

231 1761 324 1822 babili
348 1763 467 1824 ratione
490 1765 639 1839 perducti.
686 1762 718 1822 Si
742 1765 823 1822 enim
847 1764 958 1838 pagani
979 1762 1092 1835 templa
1116 1766 1146 1820 et
1169 1765 1311 1832 statuaS,

233 1866 346 1924 erroris
380 1866 428 1924 sui
461 1866 648 1932 testimonia,
683 1865 854 1926 daemoniis
888 1862 1109 1940 deceptoribus
1144 1861 1209 1921 suis
1246 1874 1311 1936 per

232 1969 386 2042 quaedam
403 1964 524 2044 potiusb
546 1973 789 2040 exsecramenta,
813 1982 906 2042 quam
929 1971 1125 2025 sacramenta
1141 1963 1307 2022 devovere

232 2075 263 2128 et
286 2069 431 2130 dedicare
454 2076 635 2140 noscuntur,
658 2077 692 2131 ut
715 2076 746 2129 et
769 2083 857 2128 suam
882 2068 1077 2128 devotionem
1095 2067 1163 2139 diis»,
1186 2066 1306 2140 quihus

231 2173 354 2247 placere
382 2173 568 2242 desiderant,
601 2173 712 2232 artiusc
735 2172 900 2240 insinuent,
930 2175 960 2228 et
987 2170 1027 2228 ad
1055 2185 1089 2228 se
1117 2167 1304 2228 invisendos

232 2275 419 2334 daemonum
451 2275 581 2347 gratiam
609 2273 670 2332 hac
699 2273 903 2332 familiaritate
934 2270 992 2331 sibi
1021 2271 1192 2344 concilient,
1221 2270 1303 2330 sieut

233 2376 343 2449 legitur
357 2374 655 2446 Nabuchodonosor,
671 2389 727 2433 rex
743 2373 925 2449 Babylonis,
942 2375 1055 2434 secisse
1071 2373 1304 2434 dedicationem

234 2481 368 2549 statuae,
392 2492 485 2551 quam
503 2482 645 2536 erexerat
664 2475 693 2533 in
712 2491 822 2551 campo
838 2476 973 2550 Durani,
996 2492 1094 2553 quare
1111 2493 1172 2536 uon
1195 2475 1299 2551 potius

232 2593 291 2637 nos
305 2580 423 2653 templa
438 2585 468 2638 et
491 2577 610 2650 altaria,
635 2583 760 2638 nostrae
774 2579 986 2653 religiositatis
1010 2577 1130 2650 indicia,
1153 2578 1220 2637 Deo
1237 2577 1300 2636 sal-

233 2678 333 2737 vatori
362 2685 477 2751 nostro,
510 2695 564 2753 per
595 2679 721 2739 inlibata
753 2687 783 2739 et
809 2676 905 2740 vera<l
928 2682 1123 2740 sacramenta
1153 2679 1299 2738 dedicare

234 2795 392 2851 curemus,
430 2789 464 2840 ut
497 2788 528 2841 et
561 2799 630 2842 cum
669 2789 794 2847 nostrae
830 2782 1003 2842 devotionis
1037 2780 1143 2841 olfieiis
1177 2782 1300 2840 divinae

235 2882 388 2969 maiestati
410 2884 602 2960 placeamus
631 2890 662 2944 et
682 2885 750 2960 ipse
774 2900 831 2944 nos
854 2899 979 2959 semper
1004 2885 1139 2944 invisere
1160 2889 1192 2943 et
1213 2897 1299 2941 man-

234 2985 352 3044 sionem
384 2985 443 3044 sibi
473 2987 502 3044 in
536 2987 626 3046 nobis
650 2987 752 3046 lacere
776 2985 929 3059 dignetur,
960 2988 1012 3062 qui
1038 3002 1093 3060 per
1115 2985 1298 3062 prophetam

234 3084 319 3144 dicit:
338 3095 453 3162 pavete
476 3090 519 3147 ud
539 3092 752 3149 sanctuarium
776 3088 900 3159 racemi,
926 3087 1115 3170 etreliqua?

301 3251 370 3314 ὀρ,
388 3269 442 3304 oni.
460 3257 504 3304 est.
523 3282 556 3292 —
575 3241 587 3282 b
606 3271 644 3316 oe,
662 3253 755 3317 magis.
774 3280 806 3290 —
825 3250 835 3277 ⁰
854 3251 899 3315 ml,
916 3255 1017 3305 arctius.
1037 3283 1068 3292 -
1086 3239 1101 3281 ‘¹
1118 3253 1163 3305 ml.
1182 3260 1271 3305 vestra.

304 3403 446 3456 ¹IMaeh.
464 3403 508 3467 IV,
526 3408 558 3458 36
570 3421 624 3472 sqq.
654 3406 673 3455 ll
693 3405 776 3456 Mach.
794 3404 826 3467 X,
846 3408 925 3470 lsqq.
954 3436 984 3445 -
1014 3407 1133 3458 ²loann.
1152 3408 1183 3472 X,
1201 3411 1241 3460 22.
1267 3434 1299 3444 -

233 3493 244 3528 ³
262 3486 407 3540 Concilium
420 3488 559 3554 agathense
577 3506 644 3542 anno
657 3492 706 3542 506
724 3491 853 3541 constituit
871 3507 926 3544 ean.
941 3495 983 3544 14:
1003 3492 1117 3554 „Altaria
1134 3492 1231 3558 placuit
1247 3507 1299 3543 non

233 3573 316 3624 solum
335 3575 454 3625 unctione
471 3575 624 3638 chrismatis,
646 3575 691 3626 sed
713 3576 787 3625 etiarn
811 3576 960 3627 sacerdotali
981 3577 1158 3628 benedictione
1180 3577 1296 3628 sacrari.“

234 3658 315 3710 Mansi
332 3665 349 3711 l.
367 3659 432 3724 Vlll,
451 3675 475 3726 p.
494 3662 552 3712 327.
570 3689 604 3696 -
624 3663 635 3697 ⁴
652 3660 714 3711 Dan.
732 3657 770 3724 lll,
790 3665 869 3728 lsqq.
886 3691 920 3700 -
939 3667 950 3700 ⁵
968 3663 1048 3714 Lavit.
1066 3662 1156 3725 XXVI,
1175 3665 1198 3714 2.
