2896 4828
563 405 794 482 -39-Ι

135 589 194 633 nec
217 591 301 651 aqua
325 575 390 634 sine
412 575 486 635 vino
511 573 649 646 offertur,
674 574 747 652 quia
770 590 827 634 nec
844 573 986 638 Christus
1003 578 1089 636 aliter
1106 595 1201 655 quam

134 690 192 748 pro
216 677 331 751 populo
360 693 416 736 suo
445 692 560 752 passus
592 684 653 752 est,
680 693 736 736 nec
764 678 852 736 allter
873 680 1009 754 populus
1032 697 1122 756 quam
1149 696 1202 756 per

133 777 316 850 passionem
340 776 452 838 Christi
475 784 581 854 potest
605 779 729 840 salvari.

613 1137 718 1207 XVII.

250 1304 323 1372 Our
349 1312 473 1377 mutatu
499 1308 568 1376 siut
584 1329 656 1400 per
685 1307 854 1376 Christum
879 1309 1081 1397 sacrificiu&

198 1505 274 1578 Quia
306 1525 382 1569 vero
418 1508 557 1569 Christus
593 1510 741 1569 sacerdos
777 1526 848 1569 esso
883 1509 992 1569 dicitnr
1026 1514 1199 1573 secundum

132 1608 272 1668 ordinem
296 1609 516 1684 Melchisedec,
545 1612 629 1686 quod
657 1611 820 1686 apostolus
844 1612 958 1670 Paulus
982 1615 1200 1688 copiosissime

133 1713 269 1782 astruit1,
293 1714 380 1772 salva
403 1713 614 1788 multiplicium
638 1713 755 1772 radone
777 1712 956 1787 figurarum,
981 1717 1095 1791 quihus
1118 1718 1199 1776 idem

132 1813 282 1872 sacerdos
298 1812 353 1872 Dei
376 1815 488 1874 summi
509 1815 612 1874 lesum
629 1813 785 1875 Christum
801 1815 895 1874 fillum
913 1814 996 1889 Deil,
1020 1817 1072 1892 qui
1088 1824 1200 1877 semet-

131 1914 233 1988 ipsum
262 1917 341 1989 patri
368 1932 424 1990 pro
449 1917 539 1975 nobis
560 1917 685 1991 obtulit,
710 1920 965 1993 praenuntiassec
988 1921 1199 1992 cognoscitur,

133 2031 301 2090 congruum
327 2032 425 2090 genus
450 2017 590 2076 sacrificii
614 2018 763 2076 Dominus
787 2009 900 2093 noster,
924 2021 1071 2080 sacerdos
1095 2037 1199 2092 verus

130 2117 167 2175 in
196 2120 373 2192 corporis
402 2125 438 2178 et
465 2120 666 2194 sanguinis
695 2121 753 2178 sui
782 2119 1003 2194 mysterium
1033 2123 1198 2197 providere

131 2217 295 2292 dignatus2
318 2229 374 2290 est,
398 2228 431 2279 ut
453 2222 612 2294 videlicet,
637 2221 718 2279 sicut
740 2221 948 2282 Melchisedec
970 2230 1041 2282 ante
1066 2223 1198 2282 circum-

131 2321 280 2380 cisionem
316 2330 346 2381 et
379 2324 457 2397 legis
487 2324 680 2383 ceremonias
710 2324 822 2382 vivens
854 2341 893 2383 ex
924 2325 986 2385 fide
1021 2341 1132 2400 panem
1167 2333 1198 2386 et

129 2422 237 2480 vinum
263 2425 376 2498 legitur
399 2426 560 2500 obtulisse,
583 2425 624 2484 ita
652 2427 720 2500 lpse
744 2425 908 2501 DominuS,
938 2429 1075 2500 pontifex
1097 2427 1197 2488 iactus

132 2526 305 2584 secundum
327 2527 463 2586 ordinem
489 2544 548 2585 non
573 2532 687 2596 Aaron,
712 2528 768 2586 sed
793 2528 1017 2602 Melchisedec,
1039 2526 1144 2592 iustus
1168 2538 1199 2590 et
1287 2597 1289 2602 ,

130 2625 303 2686 iustificans
335 2643 420 2698 eum,
451 2630 503 2705 qui
532 2646 571 2688 ex
598 2628 658 2687 fide
689 2637 751 2702 est,
783 2639 852 2705 post
884 2632 1090 2705 expletionem
1120 2634 1197 2709 legis

130 2729 258 2787 easdem
289 2731 411 2804 species
441 2731 582 2790 sacrificIi
610 2731 753 2790 fidelihus
777 2733 843 2791 suis
865 2734 1004 2807 tradidit,
1030 2731 1088 2792 ned
1110 2736 1197 2795 dulu-

130 2835 244 2902 temus
267 2842 342 2890 nose
371 2833 437 2892 sine
464 2833 610 2907 operibus
637 2834 715 2908 legis
738 2833 900 2893 iustificari
922 2851 977 2910 per
1000 2835 1099 2913 fidem,
1124 2838 1197 2896 dum

131 2931 202 2994 illos
225 2933 381 2993 imitamur
403 2935 544 2995 libertate
568 2935 638 2994 fidei
661 2943 690 2994 ot
711 2936 897 3008 dovotionis,
921 2953 1000 3013 quos
1016 2939 1082 2997 sine
1100 2941 1198 2997 servi-

131 3040 196 3093 tute
218 3037 295 3111 legis
319 3031 477 3096 coactitias
500 3038 566 3095 Deo
591 3036 808 3112 cognoscimus
830 3038 992 3109 placuisse
1012 3055 1068 3115 per
1094 3039 1198 3102 fidem.

130 3133 213 3212 Ergo
245 3137 317 3196 dum
344 3144 438 3198 notus
467 3143 551 3198 esset
578 3139 605 3197 in
636 3139 751 3198 Iudaea
773 3138 872 3210 Deus,
903 3141 1040 3216 dumque
1073 3142 1102 3200 in
1134 3158 1197 3202 uno

130 3239 322 3299 tabernaculi
346 3242 395 3300 rel
417 3242 522 3316 templi
546 3243 614 3301 loco
638 3240 791 3300 sacrificia
808 3242 955 3307 deberent
970 3242 1083 3319 offerri,
1107 3261 1197 3320 prae·

199 3438 211 3466 ⁸
228 3440 307 3504 Apud
326 3457 356 3490 oe
374 3439 437 3490 haee
455 3439 506 3490 dno
518 3442 630 3505 capitula
642 3446 701 3492 sunt
713 3443 854 3506 coniuncta,
866 3448 966 3494 econtra
978 3443 1056 3494 habet
1075 3443 1113 3493 M1
1130 3443 1198 3495 hane

130 3523 212 3588 ipsam
226 3524 389 3576 divisionem.
409 3554 440 3562 -
459 3512 472 3551 ¹³
490 3542 528 3590 oe,
540 3525 635 3577 habent
646 3527 716 3577 Iesus
729 3525 844 3576 Christus
853 3527 922 3578 filius
934 3529 988 3580 Dei.
1007 3559 1039 3566 —
1058 3527 1069 3554 ⁰
1088 3545 1126 3592 oe,
1137 3545 1197 3594 pro-

131 3611 270 3661 nuntiasse.
289 3640 323 3649 -
340 3596 354 3637 ‘¹
372 3627 409 3674 oe,
428 3625 481 3661 nec.
501 3638 532 3645 -
552 3607 563 3634 θ
582 3625 616 3671 m,
634 3625 694 3662 non.
711 3639 745 3646 —
763 3596 774 3636 f
790 3626 820 3661 oe
838 3613 959 3664 coactiva.

130 3795 193 3848 Ierre
211 3798 276 3848 velis
294 3797 380 3862 plures
399 3796 462 3847 alias
484 3793 634 3859 sententias,
659 3811 724 3861 quae
742 3798 848 3848 inferius
867 3800 933 3862 (cap.
950 3797 1027 3862 XVII,
1045 3798 1132 3861 XVIII,
1150 3799 1196 3848 XX

130 3881 154 3926 et
170 3880 250 3947 pass.)
269 3885 417 3947 sequuntur.

203 3969 211 4002 ¹
229 3965 306 4017 Hehr.
320 3966 372 4030 vll,
388 3970 398 4018 l
411 3981 466 4031 sqq.
485 3995 518 4004 -
539 3967 550 4003 ²
568 3964 617 4018 CIr.
629 3982 653 4030 p.
668 3967 708 4028 38,
727 3981 765 4030 ep.
779 3966 843 4029 XVI,
857 3972 909 4021 noi.
923 3971 938 4019 2
958 3971 983 4018 et
993 3967 1037 4018 ins.
1056 3983 1094 4031 cp.
1107 3967 1196 4018 XVIII.
