2956 4766
581 395 790 454 „51-

152 564 287 625 hostiam
311 565 436 625 domino
463 566 643 625 immolasse
670 571 700 624 et
723 574 811 626 euml
833 565 939 625 divina
967 565 1156 641 dignatione,
1185 573 1219 626 ut

151 667 250 726 solitis
266 669 398 727 instaret
413 664 572 744 operibus,
589 666 809 727 commonitum
827 682 863 725 ac
878 681 990 740 magna
1004 666 1219 740 promissionis

151 767 250 844 gratia
278 770 317 828 ad
348 769 611 844 perseverantiam
637 769 852 829 confortatum.
899 769 1078 828 Gennadius
1106 775 1218 841 autem,

150 871 356 932 massiliensis
380 873 553 950 presbyter,
576 871 605 929 in
623 871 769 944 dogmate
792 870 1006 930 ecclesiastico
1027 871 1116 946 quasi
1139 870 1218 930 inter

149 975 277 1033 veteres
301 979 332 1032 et
353 973 489 1032 iuniores
513 971 635 1030 medius
652 971 799 1043 existens,
823 971 853 1028 id
877 976 926 1029 est
948 986 1016 1029 cum
1040 972 1143 1032 adhuc
1166 975 1217 1034 alii

149 1076 313 1134 dominicis
335 1080 464 1145 tantum,
488 1073 547 1132 iam
572 1089 696 1150 quoque
712 1073 851 1133 nonnulli
867 1071 1029 1132 cotidianis
1046 1075 1217 1135 communi·

148 1183 256 1239 carent
278 1176 399 1245 diebus,
428 1174 606 1235 huiusmodi
630 1175 792 1235 libramine
816 1172 1003 1258 sententiam
1026 1191 1118 1235 suam
1140 1182 1217 1234 tem-

147 1285 245 1356 perat,
269 1285 300 1338 ut
323 1278 509 1339 cotidianam
525 1277 731 1337 eucharistiae
755 1275 983 1353 perceptionem
1007 1293 1064 1336 nec
1088 1277 1216 1338 laudare

148 1397 206 1441 nec
227 1381 407 1455 vituperare
430 1394 464 1436 se
488 1379 583 1454 dicat;
607 1381 688 1440 omni
711 1397 788 1440 vero
809 1379 964 1439 dominica
979 1381 1215 1453 communicare,

147 1463 173 1542 si
202 1483 348 1558 capitalia
379 1487 510 1557 peccata
540 1498 601 1540 non
629 1479 814 1556 prohibeant
846 1487 877 1541 et
906 1497 993 1541 mans
1024 1482 1053 1540 in
1082 1481 1217 1542 delecta-

147 1580 249 1645 tioneb
282 1583 432 1661 peccandi
461 1585 563 1657 posita
590 1598 652 1643 non
680 1583 732 1656 sit,
762 1583 915 1644 hortatur.
962 1585 1053 1659 Apud
1078 1583 1215 1644 Graecos

146 1703 272 1764 quoque
296 1687 346 1759 illi,
370 1686 423 1763 qui
447 1687 527 1747 duas
551 1686 721 1746 dominicas
744 1687 882 1747 veltres
905 1688 972 1747 sine
996 1685 1214 1746 communione

144 1790 333 1861 transierint,
357 1791 620 1850 excommunicari
643 1790 797 1849 dicuntur.
843 1789 918 1864 Quia
933 1806 1010 1849 uero
1025 1787 1214 1847 venerabilis

145 1907 229 1969 papa
261 1892 438 1968 sylvester,
477 1891 622 1950 XXXIV⁵
656 1907 674 1949 a
705 1890 797 1951 beato
834 1891 939 1962 Petro,
971 1890 1065 1947 lerias
1098 1888 1213 1948 habere

145 1996 261 2054 clerum
293 1994 408 2062 docuit,
439 2001 473 2051 ut
501 1994 581 2052 sicut
607 1993 688 2066 apud
714 2009 854 2068 paganos
885 1991 979 2050 leriae
1003 1996 1121 2051 tantum
1146 1991 1213 2048 dies

143 2096 300 2172 aliquibus
315 2093 403 2155 sestis
424 2095 558 2167 insigniti
582 2094 773 2166 dicebantur,
797 2093 878 2154 sicut
893 2092 984 2151 etiam
1009 2107 1065 2166 per
1081 2092 1212 2168 Moysen

143 2199 271 2258 dicitur:
295 2197 363 2255 Huc
378 2201 450 2255 sunt
466 2198 573 2269 feriae
588 2196 712 2254 Domini
721 2197 739 2267 ¹,
763 2196 805 2253 ita
828 2193 1005 2254 christianis
1025 2201 1055 2252 et
1079 2194 1212 2253 maxime

143 2301 266 2362 clericis
294 2312 403 2357 omnes
431 2298 498 2356 dies
525 2297 554 2355 in
588 2298 680 2356 lerias
710 2299 905 2371 deputentur,
937 2296 1060 2357 videtur
1091 2298 1212 2356 ratione

144 2400 367 2478 plenissimum,
389 2406 424 2458 ut
448 2415 503 2475 par
525 2398 664 2473 singulos
687 2399 755 2458 dies
779 2400 879 2459 sacris
895 2414 1084 2473 occupemur
1103 2398 1211 2459 olliciis

143 2510 182 2577 et,
211 2509 360 2578 quantum
389 2501 500 2561 mentis
530 2504 581 2560 vel
609 2501 747 2575 corporis
782 2501 943 2574 graviores
975 2501 1118 2560 maculae
1149 2517 1210 2560 non

143 2606 308 2676 obsistunt,
341 2620 451 2680 panem
485 2610 514 2664 et
548 2604 732 2679 sanguinem
764 2602 960 2675 dominicum,
995 2601 1110 2679 quibus
1144 2602 1211 2661 sine

211 2803 224 2830 ²
243 2821 282 2864 oe,
301 2820 351 2855 om.
370 2820 438 2855 eum.
455 2833 490 2842 -—
508 2794 520 2832 b
541 2804 571 2868 Μ,
590 2805 729 2856 voluntale.

141 2978 192 3027 ficii
209 2980 276 3026 tolus
298 2976 325 3023 in
348 2972 461 3022 lacrimis
484 2972 631 3024 dilluebat.“
668 2971 748 3034 „Nam
772 2973 812 3022 vir
833 2973 900 3022 vitae
923 2969 1078 3022 venerabilis
1101 2969 1212 3033 Cassius,

141 3061 290 3112 Narniensis
311 3059 454 3122 episcopus,
479 3059 523 3122 qui
544 3057 721 3124 quotidianum
748 3056 838 3107 offerre
854 3062 1022 3106 consueverat
1039 3055 1091 3106 Deo
1115 3057 1211 3106 sacrifi-

141 3148 210 3197 cium
238 3159 316 3209 seque
345 3143 372 3191 in
400 3140 523 3208 lacrymis
553 3144 618 3193 inter
644 3145 700 3207 ipsa
729 3142 909 3192 sacrificiorum
941 3155 1034 3190 arcana
1060 3141 1208 3192 mactabat.“

141 3231 246 3296 Gregor.
264 3229 298 3279 M.
317 3225 410 3290 Dialog
428 3225 444 3276 l.
464 3226 506 3289 lv,
524 3242 545 3278 c.
559 3229 598 3279 56.
627 3227 712 3292 Migne
730 3243 750 3277 s
769 3226 785 3277 l.
799 3229 839 3287 ll,
857 3241 881 3290 p.
894 3227 951 3276 421.
982 3225 1071 3285 „Mulli
1088 3230 1211 3287 vestrum,

120 3297 122 3302 ,
140 3316 228 3366 fratres
240 3311 393 3372 charissimi,
406 3309 523 3360 Cassium
535 3309 702 3362 Narniensem
715 3313 863 3376 episcopum
876 3315 1009 3372 noverunt,
1028 3311 1070 3361 cui
1083 3326 1138 3361 mos
1150 3316 1210 3374 erat,

140 3397 303 3464 quotidianas
315 3395 368 3445 Deo
380 3394 475 3445 hostias
487 3393 577 3446 offerre
589 3397 630 3458 ila,
643 3401 669 3446 ut
677 3412 742 3462 pene
754 3396 842 3446 nullus
852 3395 906 3445 dies
915 3395 982 3445 vilae
992 3395 1047 3446 eius
1057 3395 1210 3457 abscederet,

140 3498 191 3549 quo
209 3497 263 3532 non
280 3480 448 3545 omnipotenti
465 3479 517 3528 Deo
535 3478 632 3530 hoslIas
654 3479 804 3544 placationis
822 3479 976 3540 immolaret,
999 3482 1116 3530 cuicum
1134 3482 1210 3530 sacri·

139 3569 197 3618 licio
215 3566 292 3616 valde
310 3567 386 3616 etiam
405 3563 573 3614 concordabat
591 3565 651 3615 vita.
687 3565 751 3616 Nam
770 3569 862 3615 cuncta
879 3579 944 3629 quae
966 3563 1076 3616 habebat
1097 3565 1123 3614 in
1141 3562 1209 3614 elee-

140 3653 248 3702 mosinis
263 3650 384 3713 tribuens,
403 3665 461 3700 curn
479 3648 512 3698 ad
530 3648 621 3698 horam
634 3650 750 3699 sacrificii
762 3650 873 3700 venisset
889 3649 961 3700 velut
973 3655 1039 3700 lotus
1051 3650 1079 3699 in
1096 3648 1209 3699 lacrimis

139 3737 255 3788 defluens
273 3736 438 3800 semetipsum
457 3748 516 3784 cum
534 3734 617 3784 cordis
635 3735 784 3785 contritione
802 3735 952 3786 mactabal.“
980 3733 1055 3798 Greg.
1067 3732 1164 3784 Homil.
1181 3735 1208 3782 in

139 3837 232 3886 evang.
251 3823 290 3882 37,
309 3835 334 3871 n.
354 3824 377 3873 9.
413 3817 534 3883 Mignet.
554 3821 594 3881 76,
613 3821 687 3871 1279.
1258 3813 1260 3818 ’

210 3906 319 3956 ¹Levit.
337 3903 412 3964 XXII,
430 3907 454 3955 2.

973 3989 1003 4039 4*
