2956 4766
722 378 925 438 ,64-

283 565 338 609 eos
354 548 522 624 persistere
538 545 653 606 debere
669 549 698 606 in
715 547 885 618 offerendo,
909 548 1008 608 donec
1024 548 1128 607 oblata
1143 547 1182 606 ed
1197 545 1254 606 hoc
1274 561 1335 621 per-

283 650 419 720 veniant,
451 649 488 708 ad
520 648 601 723 quod
632 649 738 709 oblata
767 656 848 709 sunt.
894 649 955 709 Sed
986 656 1017 708 et
1045 650 1076 707 in
1101 648 1159 706 hoc
1182 663 1264 707 error
1284 663 1336 706 non

284 751 425 812 modicus
448 751 580 824 videtur,
604 753 684 827 quod
708 752 832 826 quidam
857 759 992 828 putant³‚
1017 767 1128 811 senon
1154 766 1244 826 posse
1259 750 1338 809 aliter

284 854 408 929 plenam
432 853 756 914 commemorationem
781 870 890 914 eorum
917 855 1028 918 iacere.
1056 867 1112 928 pro
1143 853 1252 928 quibus
1273 849 1338 910 oile-

284 962 366 1024 runt,
388 955 446 1014 nisi
470 954 609 1028 singulas
633 956 808 1015 oblationes
833 971 887 1030 pro
913 956 1042 1030 singulis
1070 953 1202 1013 offerant
1224 953 1269 1010 rel
1291 967 1339 1026 pro
1437 935 1438 986 i

284 1058 364 1117 rn'vis
387 1064 418 1116 et
440 1057 592 1116 <ieiunatis
614 1073 674 1116 non
699 1059 791 1117 simul
813 1059 979 1118 aestimant
1002 1051 1252 1126 immolandum),
1279 1070 1340 1113 curn

284 1175 358 1219 vere
374 1159 520 1230 sciamus
541 1177 636 1220 unum
661 1177 717 1236 pro
734 1160 877 1220 omnibus
893 1166 1046 1219 mortuum
1071 1165 1101 1217 et
1124 1174 1217 1219 unum
1241 1171 1340 1230 panem
1438 1234 1439 1238 Ἰ

285 1277 357 1321 esse
373 1268 420 1320 etc
435 1261 627 1335 sanguinem,
652 1277 744 1337 quem
760 1262 948 1321 universalis
964 1258 1055 1320 oliert
1072 1255 1228 1320 eeclesia.d
1262 1257 1343 1332 Quod
1438 1239 1439 1258 ¹

286 1364 312 1423 si
341 1364 391 1422 cui
418 1363 528 1437 placet,
562 1378 618 1438 pro
646 1363 777 1437 singuiis
805 1363 999 1437 singillatime
1028 1360 1141 1422 offerre
1172 1377 1225 1436 pro
1254 1361 1342 1419 solius

285 1463 460 1524 deuotionis
484 1463 685 1537 amplitudine
714 1473 744 1523 et
772 1465 947 1524 orationum
977 1465 1192 1539 augendarum
1220 1464 1343 1523 delecta·

284 1566 378 1638 tione,
412 1566 442 1625 id
476 1566 581 1636 iaciat,
616 1583 676 1625 non
712 1573 815 1626 autem
848 1581 904 1641 pro
937 1567 1031 1625 stulta
1065 1567 1257 1640 opinatione,
1290 1579 1344 1640 qua

286 1662 398 1743 putetf,
420 1685 514 1728 unum
538 1667 594 1727 Dei
618 1673 848 1728 sacramentum
869 1683 930 1728 non
956 1683 1027 1728 esse
1050 1669 1196 1743 generale
1218 1667 1345 1726 medica-

286 1775 443 1830 mentum'
478 1769 712 1843 Quodammodo
736 1772 817 1830 enim
846 1771 877 1829 in
901 1769 961 1828 tide
985 1771 1187 1845 imperfectus
1217 1777 1271 1840 est,
1300 1767 1346 1843 qui

286 1876 384 1946 putat,
407 1869 529 1931 Deum&
551 1888 611 1932 non
627 1873 808 1932 discernere
829 1867 918 1930 curnh
932 1887 994 1929 una
1015 1872 1163 1947 petitione
1182 1888 1239 1950 pro
1254 1870 1345 1930 multis

287 1978 424 2046 rogatur,
454 1973 527 2047 quid
551 1974 598 2032 cui
624 1973 662 2032 sit
684 1988 826 2044 necesse,
855 1973 910 2031 vel.
934 1971 1072 2032 fastidire
1095 1969 1182 2033 eum¹
1205 1972 1344 2039 aestimat,

287 2090 357 2134 curn
381 2074 491 2134 eadem
515 2075 631 2134 oblatio
655 2091 736 2133 nune
759 2091 814 2150 pro
840 2089 901 2134 uno
926 2090 1008 2133 nunc
1028 2075 1163 2148 proelio
1185 2074 1344 2134 exhibetur.

286 2175 520 2251 Praefationem
535 2177 675 2250 actionis
688 2191 751 2249 qua
764 2176 868 2251 populi
881 2174 1013 2235 affectus
1026 2176 1066 2234 ad
1080 2179 1249 2250 gratiarnm
1261 2175 1344 2235 actio·

285 2293 343 2336 nes
373 2278 516 2337 incitatur
547 2293 583 2337 ac
613 2277 726 2336 deinde
754 2276 911 2337 humanae
946 2273 1144 2338 devotionisl‘
1174 2275 1342 2355 supplicatio

287 2377 1342 2458 caelestiumuirtutumlaudibusadmittideposciturvelipsamantio-

287 2497 366 2554 nem,
382 2496 446 2556 qua
461 2480 620 2541 coniicitur
636 2488 925 2541 sacrosanctum
946 2484 1120 2558 corporis
1144 2491 1182 2543 et
1204 2479 1346 2557 sangui·

287 2583 345 2642 nis
374 2583 553 2642 dominici
582 2585 816 2661 mysterium,
847 2580 1020 2660 quamquel
1042 2585 1174 2645 Romani
1197 2597 1348 2653 canonem,

286 2690 322 2745 ut
342 2685 371 2743 in
398 2683 627 2760 pontificalibus
643 2687 769 2761 saepius
785 2687 948 2758 invenitur,
966 2687 1132 2764 appeliant,
1156 2690 1226 2763 quis
1243 2688 1348 2764 primus

258 2845 261 2852 ,
287 2785 479 2846 ordinaverit
506 2788 596 2848 nobis
624 2789 763 2863 ignotum
788 2795 842 2848 est.
888 2793 1020 2849 Auctam
1049 2795 1151 2848 tamen
1176 2791 1273 2852 luisse
1293 2802 1348 2848 non

286 2889 383 2948 sernei
408 2889 465 2947 sed
490 2891 618 2966 saepius
641 2907 681 2950 ex
704 2891 843 2964 partibus
863 2891 975 2950 additis
997 2892 1215 2968 intellegimus,
1239 2892 1310 2968 quia
1324 2891 1350 2946 et

286 2991 436 3065 praelatio
460 2992 489 3050 in
513 2992 702 3066 quibusdam
726 2993 814 3053 lestis
838 2993 924 3051 aliter
948 3007 1039 3068 quarn
1061 2993 1171 3052 diebus
1195 2989 1349 3054 cotidianis

287 3093 404 3167 dieitur,
436 3101 466 3152 et
493 3095 647 3154 interdum
676 3110 738 3152 non
767 3095 835 3170 ipsa
856 3099 1001 3167 mutatur,
1030 3095 1086 3154 sed
1116 3096 1294 3155 inseruntur
1323 3092 1347 3148 in

287 3196 386 3255 medio
410 3196 564 3272 speciales
582 3195 774 3271 quarundam
798 3211 900 3254 rerurn
916 3197 1235 3256 commemorationes.
1268 3192 1349 3252 Actio

285 3313 361 3356 vero
396 3298 463 3358 sive
498 3314 598 3359 canon
633 3314 673 3358 ex
705 3314 742 3356 eo
775 3298 972 3371 cognoscitur
1003 3299 1136 3358 maxime
1167 3314 1222 3372 per
1254 3299 1351 3372 partes

287 3399 488 3474 compositus
512 3398 596 3475 quod
613 3399 737 3458 nomina
754 3403 942 3470 sanctorum,
965 3415 1097 3475 quorum
1120 3400 1162 3458 ibi
1180 3395 1351 3459 communio

353 3665 366 3692 ²
384 3681 422 3726 oe,
440 3681 491 3717 orn.
510 3671 607 3730 putant.
625 3694 658 3702 —
675 3654 690 3692 b
709 3665 753 3728 mi,
771 3665 965 3718 immolandam.
983 3695 1018 3704 -
1036 3666 1046 3693 ⁰
1065 3666 1099 3726 M,
1115 3666 1162 3727 Mi,
1180 3681 1217 3717 ac.
1238 3693 1270 3702 -
1287 3649 1302 3689 ‘¹
1318 3675 1353 3716 002

285 3749 392 3801 ccclesia
409 3749 488 3801 oiiart.
508 3779 539 3789 —
558 3749 570 3776 θ
588 3766 626 3812 oe,
645 3749 802 3813 singulatim.
822 3779 853 3787 —
874 3735 948 3812 fM1,
967 3753 1027 3816 quia
1049 3767 1130 3801 unum
1152 3756 1222 3816 putet
1238 3750 1268 3801 Ι).
1286 3765 1306 3799 s.
1321 3769 1353 3784 -

287 3834 302 3874 δ’
319 3850 359 3895 oe,
376 3834 525 3886 Dominum.
545 3865 576 3873 —
596 3821 610 3860 '¹
628 3852 666 3898 oe,
679 3835 790 3900 quando.
810 3865 841 3874 -
860 3823 869 3864 i
887 3851 909 3896 c,
927 3836 1097 3888 fastidiosum.
1115 3865 1149 3874 -
1167 3823 1183 3864 k
1200 3835 1265 3895 mih,
1277 3831 1353 3882 vocis.

287 3907 295 3947 ¹
313 3936 352 3980 oe,
370 3936 447 3986 quarn
466 3938 577 3989 qnoque.
