2896 4828
227 1043 350 1114 Dehinc
367 1040 521 1133 imprimis
539 1003 648 1130 incipit
665 1039 816 1130 prelati03
835 1038 908 1107 dein
926 1042 1036 1107 textus
1054 1040 1218 1129 sequentis

146 1179 255 1249 libelli.
307 1177 343 1246 ln
370 1175 498 1244 nomine
529 1173 581 1243 dei
613 1174 713 1266 patris
745 1178 775 1242 et
806 1173 861 1244 filii
889 1177 920 1242 et
952 1173 1084 1265 spiritus
1110 1173 1220 1244 sancti.

619 1303 699 1378 Aet
717 1304 756 1381 Ω.

215 1683 260 1744 De
291 1682 437 1742 ministris
465 1680 618 1740 ecclesiae
647 1687 678 1740 et
706 1680 884 1741 ministeriis
918 1681 1071 1756 ipsorum,
1099 1695 1219 1740 necnon

135 1810 182 1864 ‘et
210 1803 249 1862 de
278 1799 499 1875 multiplicibus
532 1805 813 1870 sacramentorum,
848 1800 1018 1861 oliieiorum
1051 1803 1081 1858 et
1112 1799 1222 1860 obser-

149 1922 310 1981 vationum
330 1917 502 1979 rationibus
526 1918 614 1976 multi
639 1920 737 1995 multa
752 1917 908 1990 dixerunt,
930 1920 972 1977 ita
994 1923 1029 1977 ut
1051 1933 1151 1992 pauca
1172 1905 1240 1976 vel'

153 2054 235 2113 pene
256 2039 343 2096 nulla
364 2037 579 2105 remanserint,
604 2051 685 2112 quae
709 2051 770 2095 non
794 2036 853 2095 iarn
878 2052 934 2109 per
956 2035 1221 2096 inluminationem

153 2155 281 2230 spiritus
306 2154 406 2212 sancti
431 2154 491 2212 sint
507 2153 727 2226 demonstrata,
744 2168 802 2211 non
820 2154 923 2213 solum
939 2152 1072 2228 qualiter
1087 2153 1223 2214 debeant

152 2272 226 2345 lieri,
255 2288 365 2332 verum
392 2272 485 2330 etiarn
513 2271 671 2345 quomodo
701 2270 823 2346 singula
852 2272 985 2347 mystice
1015 2271 1150 2331 debeant
1170 2275 1221 2332 vel

150 2393 275 2470 possint
297 2390 433 2464 intellegi
456 2388 593 2462 diligenti
618 2390 845 2450 examinatione
875 2391 1040 2451 discussae
1086 2392 1221 2466 Quorum

152 2512 289 2573 omnium
304 2510 424 2584 copiam
437 2525 507 2569 curn
524 2509 697 2569 secundum
712 2510 960 2569 sollertissimum
973 2510 1002 2570 in
1016 2510 1110 2571 rebus
1122 2513 1221 2573 eccle·

153 2631 287 2692 siasticis
311 2629 447 2690 studium
472 2635 558 2688 tuum
588 2632 620 2687 et
646 2628 730 2688 libris
754 2627 873 2688 habeas
903 2637 934 2688 et
963 2631 1112 2689 memoria
1141 2647 1223 2690 eom-

156 2749 352 2824 prehensam,
367 2744 562 2809 venerandeb
586 2748 616 2807 in
640 2746 764 2808 Christo
789 2753 876 2824 pater
890 2748 1085 2824 Reginberte‚
1109 2749 1224 2810 salubri

157 2867 336 2927 curiositate
351 2868 475 2939 ardens,
493 2867 649 2943 quaedam
666 2883 726 2926 non
743 2882 763 2926 a
779 2865 933 2942 prioribus
952 2867 1073 2944 penitus
1098 2869 1225 2946 omissa,

158 2986 213 3047 sed
227 2985 353 3047 brevius
373 3003 464 3062 quarn
481 2987 630 3045 volueras
647 2991 738 3060 tacta,
755 3002 773 3044 a
789 2985 926 3061 meaddi
944 2985 1114 3058 desideras,
1131 2988 1224 3063 quasi

85 3185 90 3198 .
158 3106 274 3181 aliquid
286 3105 356 3165 illos
368 3106 496 3180 sugerit,
511 3106 596 3182 quod
607 3121 665 3166 nos
677 3106 834 3182 possimus
849 3103 1017 3180 inspicere3
1032 3120 1102 3165 curn
1121 3107 1225 3182 potius

155 3241 230 3284 vere
253 3224 343 3285 lateri
368 3223 546 3296 debeamus,
570 3225 675 3284 omnia
690 3239 770 3300 quae
794 3223 837 3281 illi
853 3222 980 3285 inventa
995 3225 1085 3286 nobis
1101 3226 1224 3302 scriptis

157 3343 220 3404 suis
251 3344 452 3420 reliquerunt,
477 3359 535 3404 nee
566 3346 635 3420 ipsa
663 3342 802 3402 discendi
830 3343 977 3404 instantia
1006 3361 1064 3405 nos
1095 3346 1224 3420 assequi

157 3478 256 3537 posse.
302 3463 363 3523 Sed
385 3470 442 3535 est,
467 3463 551 3540 quod
574 3462 602 3521 in
619 3461 834 3522 huiuscemodi
851 3459 987 3539 coeptisl
1010 3480 1058 3523 me
1079 3463 1221 3522 timidum

159 3582 346 3655 consoletur,
386 3581 461 3641 dum
498 3582 677 3656 considero,
715 3581 784 3641 illos
818 3581 1039 3644 difficilioribus
1074 3583 1221 3657 intentos,

162 3717 361 3725 —-—--———

225 3798 238 3826 ⁸
255 3814 292 3860 oe,
302 3813 419 3850 excussa.
431 3826 464 3836 —-
476 3787 490 3827 b
503 3815 541 3861 oe,
552 3815 566 3848 o
576 3799 728 3850 venerande.
740 3827 774 3836 -
787 3800 797 3827 ⁰
810 3817 849 3864 oe,
857 3801 995 3866 aufugerit.
1008 3785 1066 3840 -d
1084 3816 1122 3862 oe,
1135 3799 1227 3853 huius·

160 3883 227 3933 modi
247 3884 380 3948 incoeptis.

991 3969 1024 4023 1*
