2896 4828
762 691 853 760 XIV.

273 851 386 932 Iustus
421 862 601 932 oblationes
637 868 671 930 et
699 862 805 952 ntapt's
842 862 982 929 uirtutes
1011 881 1107 950 quam
1145 865 1365 949 corporalia

552 1003 690 1049 munero
716 980 822 1048 Deum
849 979 1055 1048 desiderare.

336 1184 499 1244 Postremo
517 1183 709 1242 admonendi
731 1186 824 1240 sunta
847 1197 1003 1241 sacrarunt
1022 1188 1197 1242 structores
1215 1183 1359 1244 aedium

273 1289 323 1347 vel
346 1292 517 1355 ornatores
540 1291 574 1344 ut
596 1299 675 1342 suae
699 1284 873 1342 devotionis
890 1281 1035 1343 affectunt
1059 1285 1153 1343 rebus
1177 1285 1269 1344 iuste
1295 1288 1357 1348 ad-

273 1389 392 1466 quisitis
416 1388 597 1459 ostendant,
629 1387 702 1462 quia
723 1386 875 1444 Dominus
905 1401 961 1460 per
990 1385 1173 1461 prophetam
1198 1393 1359 1461 testatur,
1405 1392 1410 1403 '

270 1510 303 1551 se
327 1492 396 1552 odio
419 1491 536 1549 tabere
563 1491 708 1564 rapinam
731 1490 762 1547 to
790 1489 999 1562 tolerassent
1029 1495 1060 1548 et
1087 1488 1157 1546 alibi
1186 1491 1357 1566 seriptum
1399 1548 1402 1557 ,

273 1599 337 1652 est:
363 1595 435 1666 „qui
461 1592 555 1664 offert
580 1593 733 1650 victimam
761 1591 799 1648 de
830 1593 946 1666 rupino
968 1593 1136 1667 pauperis,
1166 1596 1266 1666 quasi
1301 1600 1359 1670 qui
1399 1660 1403 1669 .

272 1699 388 1754 mactet
413 1695 512 1766 filium
543 1697 615 1755 onte
636 1691 815 1767 potrem“2;
849 1698 881 1751 et
912 1692 943 1750 in
975 1693 1164 1769 proverbiis:
1200 1696 1356 1766 „hostiae
1397 1706 1403 1755 t

272 1797 435 1872 implorum
459 1794 711 1867 abhominabiles
736 1797 809 1868 quta
832 1795 1006 1867 offeruntur
1022 1812 1040 1854 a
1055 1794 1224 1868 scelere“³;
1254 1798 1355 1858 itern-

272 1915 347 1976 que:
375 1899 513 1972 „lrottoru
527 1897 688 1958 Dominum
705 1898 742 1956 de
759 1899 817 1955 tois
832 1899 917 1962 iustis
933 1898 1133 1967 laboribus“⁴‚
1156 1901 1188 1954 et
1209 1899 1356 1976 reliqua.

271 1997 485 2060 Meminerintb
515 2001 616 2071 etiarn,
645 1999 744 2060 David
772 2015 880 2073 regern
903 1999 1042 2060 noluisse
1065 1999 1206 2076 accipere
1229 2015 1354 2063 aream

271 2107 398 2164 Areuna
419 2103 563 2162 lebusaei
587 2103 627 2161 ad
644 2101 868 2161 aedificandum
886 2103 983 2161 altare
1006 2101 1130 2161 domino
1153 2103 1223 2175 ipso
1242 2107 1353 2176 gratis

272 2205 346 2264 dare
369 2208 503 2276 volente,
526 2206 584 2264 nisi
601 2206 701 2280 prius⁰
717 2205 790 2263 iusti
805 2205 894 2278 pretii
909 2205 1092 2277 rependeret
1108 2203 1353 2277 quantitatem.⁵

270 2306 308 2366 Et
330 2323 441 2366 revera
464 2323 523 2365 non
549 2312 598 2365 est
619 2307 789 2366 remedium
812 2305 947 2384 peceati,
974 2307 1000 2366 si
1023 2312 1200 2381 contempto
1227 2311 1347 2370 salutis

271 2415 437 2484 praecepto
479 2409 575 2482 ipsius
611 2409 699 2483 signa
738 2414 934 2483 contemptus
972 2407 1090 2468 obicias
1128 2415 1342 2484 praeceptori.

269 2511 389 2570 Deinde
413 2512 466 2585 qui
489 2511 569 2569 iuste
593 2511 716 2586 quidem
741 2510 839 2580 offert,
863 2512 918 2569 sed
935 2510 1054 2568 maiora
1069 2518 1100 2569 et
1120 2510 1245 2570 utiliora
1261 2515 1336 2590 legis

271 2613 420 2670 mandata
438 2613 604 2687 postponit,
625 2613 712 2674 audit
728 2629 798 2672 eunr
815 2613 902 2672 Cain:
926 2629 1042 2686 ,monne
1057 2615 1084 2672 st'
1101 2620 1188 2671 reete
1209 2615 1338 2691 offerus,

269 2721 356 2772 recte
383 2720 484 2772 autent
512 2731 573 2773 oon
601 2710 738 2789 dividas,
766 2716 928 2790 peccasti?
959 2716 1127 2789 quiesce.“⁶
1186 2715 1342 2789 Qualibus
1403 2700 1409 2799 Ι

270 2817 404 2875 salvator
427 2814 513 2874 dicit:
547 2817 635 2890 „Vae
657 2817 739 2876 vobis
762 2819 816 2892 qui
836 2819 997 2876 decimatis
1025 2823 1157 2876 mentam
1180 2823 1209 2875 et
1231 2831 1344 2880 rotam

336 2999 348 3026 ³
366 3015 404 3061 oe,
423 3014 473 3048 orn.
493 3003 560 3048 sunt.
578 3027 612 3036 -
630 2987 644 3026 b
663 3015 701 3060 oe,
720 2997 872 3049 meminerit.
891 3029 921 3035 -
941 2997 951 3024 ⁰
970 3015 1007 3061 oe,
1026 2999 1146 3062 [trimum.

267 3250 299 3285 ex
318 3235 458 3284 substantia
476 3251 626 3300 pauperum,
646 3237 719 3300 quasi
737 3237 781 3300 qui
792 3235 906 3284 victimat
918 3235 1000 3285 filiurn
1013 3237 1039 3286 in
1052 3242 1187 3300 conspectu
1200 3239 1287 3302 patris
1302 3269 1339 3278 -

270 3321 281 3355 ³
301 3319 421 3369 Proverb.
439 3319 555 3382 xxtat.
592 3319 684 3372 Θυσίαι
709 3317 811 3386 ἀσεβῶν
830 3317 964 3388 βδέλυγμα
987 3317 1086 3388 κυρίῳ·
1112 3321 1157 3372 καὶ
1180 3321 1229 3392 γὰρ
1248 3339 1338 3394 παρα-

267 3403 357 3471 νόμως
371 3402 562 3474 προσφέρουσιν
576 3403 667 3462 αὐτὰς.
688 3403 760 3455 LXX.
781 3431 812 3442 —
832 3408 843 3442 ⁴
859 3404 978 3458 Proverb.
989 3405 1025 3468 lll,
1036 3408 1058 3457 9.
1079 3405 1181 3456 Honora
1194 3407 1336 3459 Dominum
1435 3419 1436 3458 i

266 3487 298 3538 de
315 3492 359 3538 tua
375 3491 517 3539 substantia
534 3494 558 3539 et
581 3489 612 3540 de
630 3491 749 3555 primitiis
767 3491 884 3539 omnium
902 3489 1006 3554 frugum
1023 3494 1125 3540 tuarum
1144 3491 1176 3541 da
1193 3494 1224 3542 ei.
1252 3492 1335 3558 Vulg.

266 3569 338 3639 Τίμα
349 3572 396 3625 τὸν
406 3569 496 3641 κύριον
508 3571 560 3623 ἀπὸ
571 3579 623 3624 σῶν
634 3571 741 3626 δικαίων
752 3571 847 3624 πόνων.
860 3573 933 3623 LXX.
945 3601 977 3610 -
988 3578 998 3610 ⁵
1008 3572 1095 3638 llReg.
1102 3574 1192 3638 XXIV,
1199 3579 1231 3629 20
1238 3579 1333 3643 sqql-
1434 3589 1436 3626 t

267 3661 278 3696 ὓ
297 3656 358 3708 Gen.
372 3657 414 3720 lV,
426 3660 449 3708 7.
468 3657 638 3708 Walalridurn
653 3674 703 3708 non
716 3675 747 3708 ex
761 3660 876 3710 versione
888 3658 974 3720 latina,
986 3657 1013 3707 id
1027 3663 1064 3708 est
1074 3657 1188 3724 Vulgata
1198 3660 1333 3727 allegasse,
1431 3649 1436 3681 ³

265 3742 311 3792 sed
328 3757 360 3792 ex
377 3743 468 3806 lingua
485 3757 578 3807 graeca
595 3742 682 3812 (LXX)
701 3742 859 3794 transtulisse
881 3759 958 3794 nemo
981 3743 1092 3806 negabit.
1126 3743 1205 3808 Vulg.
1223 3745 1333 3809 „Nonne

266 3827 287 3875 si
305 3826 370 3877 bene
387 3829 483 3891 egeris,
508 3829 626 3892 recipies,
652 3831 691 3878 sin
710 3831 794 3878 auteur
820 3828 901 3891 male,
925 3828 1009 3877 statim
1031 3829 1058 3878 in
1080 3828 1175 3880 loribus
1198 3835 1332 3893 peecatum

255 3910 371 3961 'aderit.·‘
407 3912 486 3964 LXX:
515 3912 565 3964 οὐκ
588 3909 634 3963 ἐὰν
659 3909 747 3980 ὀρθῶς
771 3913 962 3984 προςενέγκῃς,
992 3909 1081 3982 ὀρθῶς
1110 3910 1138 3964 δὲ
1162 3915 1199 3985 μὴ
1229 3913 1330 3986 turp,
1435 3977 1436 3980 Ἴ

264 3993 383 4064 ἥμαρτες
391 4016 399 4060 ;
417 3996 561 4068 ἡσύχασσν.
1343 4009 1348 4022 “

340 3150 422 3203 llsai.
441 3150 501 3212 LXI,
515 3154 537 3203 8.
556 3179 589 3188 -·
614 3149 691 3202 ²Sir.
710 3150 823 3212 XXXIV,
836 3153 876 3202 24.
906 3151 985 3214 Vulg.
1022 3151 1070 3212 Qui
1088 3151 1340 3207 offertsacrifieium
1413 3080 1428 3403 χ
