2956 4766
663 378 873 436 -43-

235 563 367 607 annuam
398 549 428 606 in
458 547 508 607 die
535 563 651 608 caenae
680 547 855 608 dominicae
880 547 1044 617 iaciebant,
1075 553 1108 604 ut
1136 546 1177 606 ibi
1200 547 1301 605 solum

236 655 501 711 sacramentorum
530 652 629 724 gratia
652 651 815 709 iteraretur
838 651 974 722 illorum,
1004 648 1056 706 ubi
1084 649 1226 724 primitus
1253 652 1303 707 est

237 758 375 812 ostensa.
419 752 509 813 Unde
538 759 569 812 et
596 752 664 827 ipsa
692 753 742 812 die
769 753 934 812 solvebant
959 751 1135 821 ieiunium
1166 751 1245 809 sicut
1271 751 1302 808 in

236 854 323 914 lestis
356 855 487 914 actitare
517 851 685 926 solemusb,
717 862 747 914 et
779 860 852 913 ante
880 852 1040 914 meridiem
1071 854 1219 912 collectas
1247 867 1301 910 ex-

235 956 374 1030 plebant,
405 957 489 1032 quod
520 956 549 1015 in
573 957 746 1017 canonibus
771 957 881 1032 partim
912 955 1085 1015 ostenditur
1118 957 1153 1014 et
1180 954 1303 1030 penitus

190 1074 194 1083 ·
236 1057 427 1131 prohibetur.
472 1057 536 1118 Sed
564 1059 631 1118 aliis
660 1059 853 1119 cautioribus
880 1057 983 1118 visum
1012 1063 1069 1127 est,
1098 1057 1174 1116 istos
1197 1072 1235 1116 eo
1257 1057 1303 1114 in-

236 1158 392 1234 digniores
417 1159 454 1218 ad
478 1175 610 1220 annuam
635 1177 712 1222 suae
735 1160 971 1221 observantiam
1000 1158 1208 1218 celebritatem
1233 1175 1304 1234 per-

234 1260 352 1332 venire,
375 1277 437 1338 quo
454 1277 488 1320 se
510 1262 662 1336 putabant
684 1264 775 1338 longa
799 1262 945 1321 dilatione
962 1256 1139 1322 delecatosd
1160 1260 1303 1335 quando-

235 1378 297 1437 que
334 1363 375 1425 ad
413 1379 572 1424 sacrorum
609 1365 839 1440 perceptionem
878 1363 954 1422 satis
992 1363 1102 1436 dignos
1140 1363 1302 1434 accedere,

235 1465 411 1542 meliusque
441 1465 621 1538 credebant,
653 1468 797 1542 quamvis
828 1466 990 1526 ominuse
1017 1464 1130 1539 dignis
1165 1465 1304 1524 crebrius

235 1562 356 1625 iterarif
379 1584 460 1644 quae
488 1575 598 1629 sancta
625 1575 706 1638 sunt,
735 1568 809 1644 quia
831 1568 900 1628 talis
923 1574 971 1626 est
993 1567 1044 1626 illa
1069 1566 1216 1642 spiritalis
1239 1583 1304 1626 me-

235 1668 345 1738 dicina,
369 1677 404 1729 ut
426 1678 457 1729 et
479 1686 575 1731 sanos
599 1671 725 1730 adiuvet
747 1671 787 1731 ad
810 1670 1074 1744 perseverantiam
1104 1669 1245 1729 sanitatis
1272 1674 1305 1726 et

235 1771 406 1832 vulneratis
437 1773 603 1833 subveniat
635 1773 674 1830 ad
708 1771 998 1847 redintegrationem
1031 1771 1170 1846 uirtutis3
1204 1777 1235 1830 et
1264 1785 1303 1829 eo

235 1872 362 1946 dignius
383 1876 562 1951 percipitur,
591 1891 652 1949 quo
674 1874 883 1950 percipientes
913 1890 967 1948 per
994 1873 1174 1933 humilitatis
1198 1877 1303 1932 custo-

236 1974 317 2034 diam
353 1975 503 2037 substrati
535 1994 692 2052 nunquam
728 1993 764 2037 se
795 1975 833 2036 ad
865 1977 933 2036 eius
964 1975 1195 2052 perceptionem
1226 1974 1304 2033 satis

236 2079 348 2154 dignos
372 2080 570 2139 arbitrantur.
615 2075 672 2152 Qui
696 2085 798 2138 autem
822 2079 941 2138 tardius
962 2076 1135 2137 secundum
1157 2075 1303 2136 iudicium

236 2180 419 2255 spiritalium
452 2179 640 2239 medicorum
669 2181 727 2255 ipsi
757 2181 959 2240 admittuntur
985 2180 1140 2248 medelae,
1170 2178 1240 2237 ideo
1263 2177 1302 2234 ad

235 2287 359 2359 tempus
375 2283 531 2342 abstinere
549 2283 673 2361 debent,
690 2299 729 2341 ne
745 2293 952 2359 praepropere
965 2281 1136 2356 incongrua
1148 2280 1215 2338 suis
1225 2279 1301 2338 rali-

234 2383 394 2444 tudinibus
418 2385 594 2459 ingerentes
610 2385 815 2445 medicamina
831 2385 959 2460 granius
977 2390 1148 2458 aegrotent,
1173 2387 1203 2440 et
1219 2379 1304 2457 quod

236 2485 304 2545 aliis
320 2493 370 2546 est
384 2485 552 2560 reparatio,
572 2487 632 2547 illis
644 2486 698 2546 fiat
711 2487 879 2547 damnatio.
907 2486 968 2544 Alii
984 2486 1068 2545 omni
1084 2483 1239 2545 dominica
1253 2483 1306 2542 nel

237 2586 320 2645 omni
343 2586 475 2646 sabbato
500 2588 583 2662 apud
600 2585 755 2648 Orientem
780 2596 810 2648 el
824 2588 993 2663 Hispanias
1018 2588 1132 2646 missas
1154 2586 1307 2644 iacientes

237 2691 562 2749 commemorationem
591 2690 746 2764 passionis
773 2690 948 2749 dominicae
971 2689 1053 2748 omni
1076 2689 1251 2764 septimana
1279 2687 1305 2745 si

236 2788 384 2864 lacerent,
402 2789 544 2851 sulficere
561 2793 737 2853 credebant.
769 2792 858 2852 Unde
876 2793 968 2851 etiam
984 2792 1156 2851 orationem
1173 2789 1307 2848 domini·

237 2906 315 2964 cam,
339 2909 420 2967 quae
436 2894 475 2952 ab
500 2894 605 2970 ipsise,
627 2902 662 2954 ut
678 2895 844 2965 credimus,
868 2895 1080 2968 apostolorum
1105 2891 1306 2967 temporibus,

237 2999 309 3052 ante
320 2997 631 3058 communicationem
642 3003 672 3056 et
685 2999 772 3073 panis
786 2997 965 3056 fractionem
978 2995 1164 3064 dicebatur¹‚
1178 2994 1306 3068 quidam

237 3094 289 3154 illo
312 3103 432 3159 tantum
455 3105 595 3175 tempore
618 3099 806 3158 recitandam
832 3097 1038 3170 crediderunt,
1068 3113 1130 3174 quo
1155 3094 1309 3155 sacrificia

237 3199 449 3272 celebrabant,
473 3202 546 3277 quia
567 3219 679 3277 panem
704 3202 798 3269 illum,
827 3200 930 3276 quiin
956 3199 1066 3259 eadem
1091 3199 1230 3258 oratione
1253 3211 1308 3272 pe·

305 3399 318 3425 ³
336 3397 369 3461 M,
380 3400 485 3453 ieiunia.
503 3430 534 3438 -
553 3389 567 3429 b
586 3401 619 3464 M,
632 3401 755 3452 solebant.
775 3431 805 3439 —
829 3399 839 3426 ‘
858 3416 896 3462 oe,
909 3400 1102 3452 observationis.
1121 3427 1152 3435 -
1175 3383 1190 3423 d
1207 3395 1241 3457 M,
1260 3395 1308 3447 de·

237 3484 317 3534 fessos
335 3498 439 3550 quoque
457 3486 497 3539 ad.
519 3516 552 3525 -
576 3484 588 3512 θ
607 3485 638 3548 Μ,
656 3486 749 3535 annuis
770 3485 868 3550 dignis;
893 3501 934 3547 oe,
952 3485 1055 3534 animus
1072 3483 1196 3546 indignus
1214 3482 1254 3531 sii.
1273 3510 1309 3518 -

237 3553 297 3632 flll,
321 3571 421 3621 iterare.
446 3599 481 3608 -
508 3569 561 3631 So,
586 3570 648 3630 illis;
672 3569 734 3632 mlh,
761 3570 793 3620 ab
814 3570 877 3633 ipsis
899 3569 1031 3635 apostolis,
1058 3567 1099 3618 vel
1130 3565 1308 3631 apostolorum

237 3655 404 3719 temporibus.

951 3773 1310 3781 ———-—-—-——

311 3847 319 3881 ¹
336 3842 373 3892 lle
391 3842 511 3893 orationis
529 3841 673 3891 dominicae
691 3842 781 3904 primis
799 3840 997 3890 christianorum
1014 3838 1170 3902 temporibus
1188 3838 1311 3887 aestima-

237 3926 306 3976 tione
324 3928 368 3979 olr.
387 3927 510 3978 Doctrina
527 3924 709 3990 apostolorum,
719 3924 832 3988 cpvlll.
856 3924 902 3974 Ed.
913 3922 996 3974 Funk.
1015 3922 1126 3986 Tubing.
1139 3922 1211 3974 1887.
1229 3936 1254 3985 p.
1266 3924 1310 3974 24.
