2956 4766
693 354 904 414 ,70-

266 528 433 588 missarum
464 524 630 584 celebratio
659 539 718 584 non
746 523 854 599 paucis
881 523 938 584 sed
961 523 1066 581 multis
1089 522 1239 597 prodesse
1261 537 1322 580 ere-

265 629 370 698 datur‚
393 628 505 697 dicere,
527 633 670 686 caeteros
692 626 722 684 in
745 625 806 684 lide
830 631 861 686 et
888 627 918 685 in
947 626 1115 686 devotione
1137 621 1323 684 offerentium

266 738 297 790 et
318 729 609 790 communicantium
627 729 831 802 persistentes
847 726 988 787 eiusdem
1012 725 1178 788 oblationis
1201 730 1230 782 et
1245 738 1325 782 com·

267 831 422 894 munionis
454 830 514 890 dici
545 836 576 890 et
610 845 682 890 esse
708 830 888 906 participes
936 829 1085 903 Quamvis
1113 833 1233 897 autem,
1260 841 1325 884 cum

268 935 326 994 soli
359 933 539 994 sacerdotes
578 933 693 1002 missas
729 931 902 1001 celebrant,
940 931 1077 1004 intellegi
1115 931 1229 1006 possit,
1260 929 1327 987 illos

267 1037 408 1096 eiusdem
436 1035 567 1096 actionis
596 1051 668 1094 esse
692 1042 926 1110 cooperatores
949 1048 1004 1106 pro
1028 1032 1144 1108 quibus
1166 1038 1239 1090 tunc
1263 1031 1329 1107 ipsa

267 1137 461 1198 celebrantur
503 1136 605 1198 officia
646 1144 677 1196 et
709 1152 841 1211 quorum
880 1151 1045 1211 personam
1079 1135 1109 1192 in
1144 1133 1327 1209 quibusdam

266 1239 528 1316 responsionibus
558 1239 706 1299 sacerdos
737 1238 916 1313 exequitur,
952 1243 1058 1296 tamen
1087 1237 1248 1296 latendum
1276 1241 1330 1307 est,

266 1343 349 1403 illam
385 1357 459 1402 esse
486 1342 651 1417 legitimam
682 1341 824 1411 missam,
852 1339 901 1398 cui
924 1340 1078 1398 intersunt
1100 1338 1263 1412 sacerdoS,
1284 1353 1330 1396 re-

268 1445 442 1520 spondenS,
476 1443 609 1504 offerens
643 1449 736 1518 atque
766 1442 1011 1513 communicans,
1043 1440 1124 1500 sicut
1150 1440 1222 1515 ipsa
1250 1455 1330 1498 com-

267 1547 379 1622 positio
402 1560 529 1620 precum
558 1545 693 1606 evidenti
719 1545 840 1605 ratione
863 1544 1062 1604 demonstrat
1107 1541 1263 1602 Statutum
1287 1549 1332 1600 est

267 1650 370 1708 aute'm
395 1649 602 1710 aurelianensi
617 1647 773 1717 concili01,
796 1651 830 1705 ut
850 1647 983 1721 populus
999 1652 1070 1704 ante
1085 1644 1330 1706 benedictionem

268 1751 440 1810 sacerdotis
463 1765 524 1810 non
547 1747 726 1822 egrediatur
747 1747 786 1807 de
808 1748 921 1817 missa,
945 1763 1025 1823 quae
1048 1739 1223 1808 benedictio
1247 1747 1331 1806 intel-

269 1853 380 1926 legitur
402 1853 453 1910 illa
475 1853 582 1911 ultima
605 1834 776 1909 sacerdotis
799 1849 923 1937 oratio.²

736 2207 860 2277 XXIV.

613 2381 666 2448 De
692 2389 840 2470 tempore
865 2400 993 2446 rncssoc.

333 2565 470 2638 Tempus
502 2573 604 2624 autem
636 2565 751 2623 missae
783 2563 941 2622 faciendae
977 2561 1148 2621 secundum
1182 2561 1334 2620 rationem

269 2666 499 2725 solemnitatum
516 2667 746 2726 diversumtest.
785 2666 941 2724 Interdum
958 2664 1058 2722 enim³
1079 2668 1151 2724 ante
1166 2663 1334 2732 meridiem,

270 2766 422 2826 interdum
456 2769 538 2826 circa
564 2785 695 2839 nonam,
725 2767 895 2842 aliquando
918 2766 957 2826 ad
981 2781 1160 2841 vesperam,
1183 2764 1334 2823 interdum

271 2875 364 2931 noctu
332 2869 572 2930 tcelcbratur
623 2870 699 2929 Nam
722 2869 932 2944 Telesphorus
965 2882 1046 2944 papa
1077 2866 1270 2938 constituite,
1303 2871 1335 2924 ut

341 3155 511 3206 1Concilium
534 3155 712 3208 aurelianense
734 3170 802 3206 anno
825 3157 872 3206 511
897 3169 918 3204 c.
936 3153 1018 3204 xxvt
1040 3155 1183 3205 constituit:
1207 3166 1284 3213 „cum
1306 3148 1337 3198 ad

270 3239 436 3292 celebrandas
458 3243 551 3292 missas
574 3243 602 3291 in
623 3241 669 3291 Dei
692 3240 797 3290 nomine
818 3241 982 3300 convenitur,
1005 3240 1116 3304 populus
1140 3251 1192 3288 non
1210 3241 1268 3286 ante
1286 3234 1336 3284 dis·

269 3325 343 3378 cadat
360 3340 439 3390 quam
457 3327 550 3375 missae
568 3324 716 3376 solemnitas
733 3323 904 3388 compleatur,
929 3329 953 3374 et
970 3323 1015 3375 ubi
1032 3325 1168 3388 episcopus
1186 3337 1238 3372 non
1255 3320 1336 3376 luerit,

268 3409 474 3464 benedictionem
496 3411 604 3474 accipiat
625 3409 786 3460 sacerdotis!
826 3408 944 3460 Mansit.
962 3407 1026 3460 Vlll.
1068 3408 1117 3460 Cir.
1137 3405 1239 3470 bisul,
1257 3420 1279 3456 c
1297 3405 1338 3462 tt,

272 3496 306 3546 De
323 3500 512 3546 consecral.—
532 3493 596 3545 ²De
616 3494 665 3556 lte
678 3509 757 3543 missa
768 3498 829 3556 est
847 3493 890 3544 cir.
909 3494 975 3544 inira
993 3493 1103 3558 append.
1121 3508 1146 3544 n
1159 3492 1168 3540 l
1171 3507 1216 3556 ,p.
1230 3491 1336 3542 103oe

272 3584 283 3618 ³
303 3579 383 3642 „Nam
406 3580 478 3630 omni
500 3584 615 3642 tempore
635 3583 692 3630 ante
717 3577 795 3628 horae
818 3578 905 3628 tertiae
930 3592 1035 3628 cursum
1056 3577 1145 3628 nullus
1168 3577 1338 3640 praesumeret

271 3665 362 3714 missas
373 3663 510 3723 celebrare,
522 3678 574 3727 qua
585 3663 649 3714 hora
660 3662 785 3713 Dominus
798 3667 883 3714 noster
894 3662 1008 3714 ascendit
1017 3667 1142 3716 crucem!
1161 3660 1244 3711 Iluch.
1255 3658 1337 3719 l,129

270 3747 386 3812 Epistula
417 3747 567 3815 apocrypha
594 3763 609 3797 a
634 3747 744 3798 Damaso
774 3747 807 3798 ad
833 3747 1021 3814 Hieronymum
1047 3746 1118 3806 data,
1145 3750 1173 3796 ut
1198 3745 1240 3796 hic
1266 3757 1336 3792 com-

272 3838 433 3894 memoretur,
450 3833 530 3898 digna
547 3848 602 3884 csse
614 3833 725 3884 videtur.
753 3831 901 3883 invenitur
894 3847 921 3882 m
933 3832 1025 3882 eodem
1037 3829 1126 3881 codice
1138 3827 1174 3880 St
1177 3829 1205 3879 G
1218 3828 1260 3878 lol.
1280 3827 1336 3882 204

220 3903 224 3912 ’
271 3917 316 3980 qni
338 3919 447 3969 continet
470 3922 586 3969 nostrum
610 3916 742 3969 Strabonis
765 3916 881 3969 libellum
905 3923 983 3968 otest
1001 3916 1075 3966 haec:
1103 3914 1250 3981 „Inquisitio
1270 3910 1335 3962 beati
