2956 4766
559 399 771 459 ..81-

129 571 192 626 est:
215 565 350 627 Deusta
374 567 561 629 adiutorium
584 586 682 628 meum
712 567 851 628 intende¹
880 570 1068 644 etreliqua,
1091 575 1198 646 patres

129 667 248 744 antiqui
284 669 349 730 suis
383 670 608 731 conlationibus
644 670 841 730 inveniuntur
870 671 1019 730 statuisse
1053 671 1197 731 omnibus

129 787 190 829 non
217 775 335 830 tantum
358 769 479 846 officiis,
510 772 566 832 sed
589 773 681 832 etiam
704 771 851 848 operibus
876 774 1142 847 praemittendum,
1165 781 1199 832 ut

128 871 286 930 invocatio
326 871 449 933 divinae
487 874 697 949 opitulationis
734 875 821 933 initio
862 872 1028 934 cuiuslibet
1066 876 1198 936 actionis

128 977 293 1047 assumpta
327 973 493 1036 faciliorem
531 974 623 1034 iaciat
658 981 689 1033 et
719 976 898 1052 postulandi
929 965 1135 1037 constantiam
1167 983 1197 1037 et

129 1075 288 1150 optinendi
311 1075 465 1136 virtutem.
510 1078 544 1135 ln
565 1076 696 1151 agendis
718 1082 830 1137 autem*
850 1083 1040 1139 mortuorum
1064 1083 1095 1137 ct
1117 1081 1197 1139 circa

127 1177 286 1252 passionis
299 1178 473 1237 dominicae
486 1178 714 1238 solemnitatem
732 1177 947 1239 inchoationes
961 1185 991 1238 et
1002 1175 1196 1250 expletiones

127 1279 296 1339 ciliciorum
321 1295 382 1338 non
407 1287 442 1340 ut
463 1281 492 1338 in
517 1281 649 1339 caeteris
672 1279 758 1353 fiunt,
781 1279 924 1340 tristitiae
939 1280 1085 1340 videlicet
1101 1278 1194 1354 signi·

126 1379 269 1439 ficandae
298 1396 407 1452 causa,
436 1391 516 1443 nona
545 1384 649 1457 aliquo
680 1382 815 1459 graviori
839 1382 974 1442 decreto.
1021 1383 1097 1456 Quia
1119 1397 1196 1441 vero

126 1487 214 1541 tanta
237 1487 286 1541 est
309 1481 337 1541 in
362 1483 439 1559 ipsis
455 1483 620 1546 diversitas
642 1485 750 1550 officiis
773 1501 833 1546 non
851 1485 951 1544 solum
973 1499 1028 1559 pro
1045 1481 1196 1542 varietate

127 1585 264 1658 gentium
300 1601 337 1645 ac
370 1585 560 1660 linguarum,
595 1603 703 1646 verum
738 1587 829 1646 etiam
864 1587 894 1645 in
928 1603 991 1646 una
1025 1590 1117 1660 gente
1145 1587 1196 1644 vel

126 1687 234 1761 lingua
256 1702 313 1762 pro
341 1694 515 1761 temporum
545 1687 715 1748 mutatione
737 1690 788 1749 vel
811 1688 1031 1763 magistrorum
1054 1687 1197 1748 studiosa

126 1788 334 1862 institutione,
369 1794 404 1849 ut
437 1790 463 1850 si
496 1790 589 1849 velim
617 1799 730 1850 cuncta
759 1791 925 1866 replicare,
954 1805 1035 1864 quae
1064 1791 1104 1849 de
1135 1789 1196 1848 hac

126 1891 350 1967 multiplicitate
389 1889 632 1966 iamlegimus,
670 1893 769 1968 magis
808 1907 958 1952 onerosus
994 1907 1085 1966 quam
1124 1905 1196 1966 pro-

126 1995 309 2053 fructuosus·
333 1991 444 2051 videar
466 1988 628 2052 audituris.
674 1995 820 2055 Omittam
844 1994 950 2067 igitur,
974 2007 1055 2066 quae
1079 1989 1197 2048 infinita

128 2101 210 2165 sunt,
232 2094 293 2153 hoc
316 2099 436 2154 tantum
452 2093 621 2167 affirmans,
645 2097 729 2172 quod
744 2097 904 2172 plenarius
920 2093 1089 2153 officiorum
1107 2093 1193 2163 ordo,

127 2198 179 2274 qui
203 2211 285 2257 nunc
307 2211 363 2271 per
384 2211 549 2255 romanum
572 2197 680 2257 orbem
703 2204 859 2270 servatur,
884 2203 956 2272 post
978 2193 1193 2267 antiquitatem

126 2298 233 2360 multis
259 2299 453 2373 temporibus
479 2299 633 2358 evolutam
657 2295 836 2359 institutusb
859 2297 951 2359 etad
974 2310 1098 2356 omnem
1121 2293 1193 2353 erni-

124 2402 262 2460 nentiam
296 2407 423 2460 sanctae
451 2399 609 2477 religionis
638 2406 686 2460 est
716 2401 874 2460 dilatatus.
921 2398 1089 2459 Crescente
1113 2394 1195 2455 enirn

122 2502 260 2562 fidelium
282 2518 410 2562 numero
427 2510 457 2561 et
472 2501 666 2561 haeresiume
681 2503 856 2579 pestilentia
872 2500 1068 2576 multiplicius
1083 2514 1192 2576 pacem

123 2606 303 2664 maculante
331 2603 515 2665 catholicam
547 2621 678 2664 necesse
710 2611 792 2676 erat,
820 2603 926 2678 augeri
954 2603 1068 2662 cultum
1099 2616 1194 2660 verae

123 2706 368 2778 observationis
397 2716 431 2766 ut
460 2715 491 2766 ct
517 2709 629 2766 clarior
657 2701 768 2781 religio
799 2705 1014 2766 accedentium
1037 2703 1077 2763 ad
1100 2703 1194 2761 fidem

122 2810 249 2870 animos
283 2807 427 2868 invitaret
466 2815 497 2868 et
529 2810 647 2870 auctior
680 2810 780 2869 cultus
808 2807 951 2866 veritatis
987 2806 1193 2868 constantiam

122 2909 347 2971 catholicorum
387 2909 542 2971 adversus
580 2911 722 2972 inimicos
763 2911 950 2970 ostenderet.
1004 2909 1036 2965 ln
1070 2911 1193 2966 tantum

123 3013 261 3087 denique
289 3012 342 3071 vel
376 3013 550 3072 cantilenae
581 3015 633 3073 vel
666 3010 857 3088 psalmodiae
892 3008 1071 3068 memoriter
1104 3021 1194 3065 exer-

122 3114 244 3174 cendae
279 3129 357 3174 usus
391 3121 457 3173 erat
489 3130 578 3175 rarus
608 3115 691 3192 apud
721 3114 859 3190 priores,
890 3116 924 3170 ut
953 3111 991 3170 de
1013 3106 1193 3167 novissimis

102 3233 205 3291 ¹pene
232 3216 442 3276 Romanorum
476 3218 671 3292 praesulibus
700 3222 731 3276 et
761 3214 813 3292 qui
842 3229 899 3272 nec
928 3210 1070 3270 ducentis
1104 3208 1193 3269 aunis

121 3335 329 3343 ———-—.

194 3383 263 3443 ³oe,
281 3384 337 3433 nisi.
358 3412 389 3420 -
408 3373 420 3408 ¹¹
439 3381 483 3434 ml.
502 3382 630 3434 institutis.
650 3413 681 3420 -
700 3382 710 3408 ⁰
729 3398 765 3444 m,
782 3380 892 3441 heresis;
910 3377 947 3430 lh.
965 3377 1089 3440 heresim;
1108 3393 1130 3437 c,
1148 3376 1193 3427 he·

121 3484 219 3520 resum.

197 3621 264 3671 ¹Ps.
283 3623 360 3687 oa,2.
396 3619 446 3672 Cn.
463 3617 592 3684 Regulam
611 3625 641 3673 st.
659 3619 755 3670 Bened.
781 3619 885 3683 cp.18:
914 3618 956 3679 „in
979 3617 1069 3680 primis
1093 3627 1194 3677 semper

23 3753 24 3756 ,
122 3706 225 3757 diurnis
242 3705 313 3756 horis
332 3706 432 3756 dicatur
448 3719 551 3762 versus:
574 3703 642 3755 Deus
662 3705 689 3754 in
712 3702 868 3753 adiutorium
886 3705 949 3753 etc.“
990 3699 1089 3760 „Huius
1113 3697 1194 3748 versi-

23 3851 24 3857 1
121 3791 175 3842 culi
194 3792 274 3842 oratio
292 3791 318 3840 in
336 3790 451 3842 adversis
470 3793 497 3840 ut
514 3804 643 3849 eruamur,
664 3789 691 3838 in
710 3788 838 3852 prosperis
856 3792 883 3836 ut
900 3799 1033 3837 servemur
1050 3798 1096 3835 nec
1112 3780 1194 3834 extol-

23 3867 26 3887 *
122 3875 218 3937 lemur,
236 3873 382 3926 incessabili
400 3875 505 3939 iugitate
526 3873 680 3925 fundenda.“
718 3869 836 3934 Cassian,
856 3869 981 3931 Conl.'X,
1001 3883 1021 3920 c.
1042 3871 1081 3920 to.
1116 3865 1193 3936 (Edit.

123 3959 238 4011 Vindob.
257 3965 274 4009 t.
292 3958 345 4008 Xlll
364 3961 461 4026 (1886),
479 3974 504 4022 p.
524 3959 592 4020 302).

178 4040 334 4097 Knbpfler,
347 4042 466 4084 Walalridi
480 4041 549 4084 Strab.
563 4040 621 4085 liber
633 4039 660 4082 de
675 4039 772 4081 exordiis
787 4043 827 4082 etc.
975 4041 990 4090 6
