2956 4766
658 276 893 337 -106-

750 564 802 633 lll.

339 753 566 812 Documentum
591 747 1013 810 administrationisabbatis
1037 746 1211 808 Walalridi.

242 885 290 954 (Ex
308 884 418 951 depe',
443 886 552 950 Regesla
573 882 681 934 Badens.
717 881 857 932 Karlsruhe
878 881 954 941 1836,
976 895 1002 944 p.
1021 881 1101 946 lllsq.
1143 877 1194 932 cn.
1219 854 1336 944 K6nig,

365 969 519 1045 Freiburger
535 965 774 1020 llidoesan-Arohiv
792 964 830 1014 Bd
849 964 880 1014 lll
900 963 997 1033 (1868),
1014 980 1039 1028 p.
1058 966 1107 1016 405
1119 961 1184 1031 sqq.)

262 1127 267 1136 ’
306 1143 339 1200 ln
364 1143 488 1202 nomine
512 1148 640 1202 sanetae
664 1149 695 1200 et
717 1137 896 1197 individuae
912 1137 1078 1199 Trinitatis.
1114 1136 1327 1218 Walalredus

242 1244 307 1303 Deo
324 1245 448 1304 favente
463 1243 668 1317 nogiensium
685 1241 784 1302 abbas
808 1241 950 1314 quamvis
974 1239 1129 1316 indignus.
1168 1237 1321 1300 Omnium

241 1345 375 1406 fidelium
394 1352 570 1405 nostrorum
594 1351 656 1404 tam
680 1343 890 1419 praesentium
915 1359 1008 1418 quam
1032 1345 1202 1404 l'uturorum
1227 1357 1322 1400 oom-

243 1446 340 1520 periat
352 1445 511 1522 industria,
528 1447 658 1520 qualiter
669 1462 727 1505 nos
741 1461 810 1506 oum
824 1444 999 1504 senioribus
1015 1445 1189 1504 residentes
1206 1447 1317 1509 ettam

243 1547 282 1606 de
297 1547 397 1608 luturo
408 1563 501 1623 quarn
512 1547 550 1608 de
562 1548 716 1622 praesenti
732 1549 860 1606 fratrum
873 1545 1036 1606 commodo
1049 1545 1316 1622 praemeditantes

238 1648 464 1724 disposuimus,
487 1649 561 1725 quid
584 1650 723 1710 utilitatis
746 1656 776 1707 et
799 1650 890 1726 quale
912 1648 1048 1708 debitum
1071 1647 1198 1722 singulis
1222 1646 1316 1706 annis

243 1759 350 1810 nostro
374 1753 527 1811 eornmuni
551 1753 710 1812 cellerario
733 1756 840 1830 posset
863 1750 1007 1811 conferri:

305 1852 349 1912 De
375 1855 649 1936 Chunt'npespaede
678 1851 894 1931 (Kdnigsbaeh
925 1852 953 1909 ln
985 1851 1144 1912 archidua.
1166 1850 1254 1926 Bad.)
1284 1850 1316 1910 X

242 1953 382 2031 haspas¹
405 1957 443 2016 de
467 1957 586 2018 canalo.
627 1957 671 2016 De
700 1957 861 2030 Otellnpen
885 1953 1067 2030 (Ettlingen)
1093 1953 1239 2014 similiter.
1277 1953 1313 2010 ln

242 2055 1313 2133 MarcdelninpendebentesseVlmensarii²‚quihaspararedebent.

243 2159 287 2217 De
301 2161 471 2233 Pirntnpen
485 2161 667 2238 (Bilringen)
681 2161 709 2220 X
722 2159 844 2220 modios
855 2153 1054 2233 leguminum,
1072 2156 1094 2217 G
1108 2158 1201 2228 easei,
1217 2171 1311 2216 unam

243 2275 342 2330 ouem,
354 2259 398 2316 IV
410 2259 528 2338 haspas
539 2263 577 2322 de
593 2260 1312 2336 11111111111111110,1111111111111111111111111111.4

243 2360 287 2420 De
304 2361 495 2438 Empdinpen
519 2364 561 2440 (in
586 2355 713 2442 princip.
732 2363 960 2439 Sigmaringen)
985 2363 1129 2422 similiter.
1161 2361 1311 2421 11111111-

241 2466 330 2537 storf
340 2462 498 2537 (Binsdorl
514 2467 544 2524 in
561 2481 657 2541 regno
671 2464 870 2540 Wlirttemb.)
889 2465 1037 2526 similiter.
1073 2464 1117 2522 De
1141 2464 1310 2538 Wootuueu

243 2563 432 2640 (Wehingen
457 2567 656 2643 Wiirttemlt.)
687 2567 828 2625 similiter
855 2573 886 2626 et
913 2571 1006 2626 unam
1035 2565 1218 2642 padellam.⁵
1265 2566 1310 2624 Ile

244 2666 387 2742 Tnsellap
410 2667 619 2744 (Deisslingen
635 2669 832 2744 Wiirttemb.)
857 2669 997 2727 similiter
1020 2675 1050 2727 et
1072 2668 1102 2727 in
1125 2671 1228 2728 natale
1249 2668 1310 2728 Do·

243 2766 316 2826 mini
340 2768 362 2828 O
385 2769 542 2829 soudellae
572 2776 602 2828 et
633 2786 726 2830 unam
751 2785 894 2844 magnam
920 2769 1122 2842 soudellamfl,
1151 2785 1230 2829 vasa
1256 2785 1310 2842 pa-

241 2869 425 2945 rapsidum⁷
448 2876 478 2930 et
504 2871 533 2929 in
558 2873 776 2948 assumptione
800 2871 831 2932 S.
855 2872 972 2932 Mariae
997 2872 1019 2932 L
1043 2874 1200 2934 soudellas
1224 2882 1254 2932 et
1280 2873 1308 2932 in

243 2987 337 3046 pasca
361 2971 383 3032 Ο
406 2973 572 3034 soudellas·
587 2981 616 3033 et
640 2974 662 3034 L
684 2974 894 3050 parapsidum.
939 2975 985 3032 Ile
1010 2975 1171 3050 Mertnpen
1191 2975 1310 3050 (Moah-

60 3079 63 3086 '
172 3102 178 3114 ·
241 3072 363 3148 ringen)
387 3073 527 3134 similiter
549 3077 628 3137 sieut
652 3076 690 3135 de
714 3077 840 3148 Winpen
858 3075 1061 3153 (Wehingen)
1086 3084 1116 3138 et
1139 3077 1195 3135 Xll
1213 3079 1310 3136 ollas⁸

313 3241 321 3275 1
339 3237 418 3304 haspe
435 3265 469 3283 =
485 3241 547 3292 nhd.
567 3240 671 3306 Haspel,
689 3241 733 3291 lrz.
753 3238 876 3302 de'vidoir,
894 3241 963 3307 angl.
979 3243 1069 3308 stapla,
1087 3242 1115 3293 id
1133 3248 1172 3294 est
1191 3258 1310 3294 mensura

241 3324 368 3389 quaedam
387 3323 489 3375 filorum
503 3325 534 3376 de
547 3326 636 3376 canalo
649 3329 691 3374 aut
709 3324 741 3374 de
759 3323 812 3374 lino
830 3325 1008 3390 deductorum,
1027 3328 1053 3377 in
1072 3326 1174 3392 vulgari
1193 3342 1308 3378 sermone

241 3406 376 3460 Schneller
392 3433 426 3452 =
445 3408 516 3461 mille
537 3410 618 3462 cubiti
640 3409 752 3460 filorum.
772 3438 802 3446 -
823 3411 833 3446 ²
856 3413 1000 3462 mansorius
1017 3436 1052 3454 =
1069 3410 1184 3461 colonus,
1203 3439 1236 3447 -
1255 3415 1265 3448 ³
1282 3410 1309 3461 ld

240 3497 278 3542 est
295 3492 326 3544 de
343 3492 397 3544 lino
416 3494 459 3545 alr.
478 3495 544 3544 inlra
556 3495 625 3559 apud
636 3493 808 3546 Honistelten.
825 3522 859 3531 —
879 3501 890 3532 ⁴
905 3496 984 3547 eadus
997 3502 1035 3548 est
1052 3509 1173 3546 mensura
1184 3495 1308 3560 quaedam

239 3600 274 3618 =
285 3576 348 3628 nhd.
362 3577 451 3641 Saum,
469 3579 496 3628 in
514 3577 616 3643 vulgari
634 3593 751 3629 sermone
762 3601 797 3622 =
811 3577 880 3629 Som.
899 3608 932 3616 -
952 3584 963 3618 ⁶
980 3579 1085 3645 padella
1095 3580 1141 3630 lrz.
1154 3577 1236 3644 podle,
1249 3578 1306 3630 nhd.

240 3682 269 3701 =
284 3660 391 3714 Planne.
409 3692 440 3701 -
460 3666 471 3701 ὅ
489 3661 912 3724 1111111111111.111111111,1’1111111,
930 3669 1021 3726 patena
1034 3664 1160 3730 quaedam
1179 3663 1307 3728 lignea=

241 3744 302 3796 nhd.
317 3744 449 3799 Schiissel.
466 3774 500 3786 —
520 3751 530 3786 ⁷
547 3749 664 3813 parapsis
681 3772 715 3790 =
732 3763 770 3812 gr.
785 3744 910 3816 παροψίς.
931 3778 961 3785 -
983 3751 994 3787 ⁸
1012 3746 1064 3799 olla
1082 3763 1155 3816 syna.
1174 3764 1206 3799 ex
1224 3747 1306 3799 orcula

239 3852 274 3872 =
291 3831 365 3895 Topf‚
384 3833 425 3883 lrz.
444 3837 496 3897 pot.
