<?xml version="1.0" encoding="UTF-8"?>
<!DOCTYPE html PUBLIC "-//W3C//DTD XHTML 1.0 Transitional//EN"
    "http://www.w3.org/TR/xhtml1/DTD/xhtml1-transitional.dtd">
<html xmlns="http://www.w3.org/1999/xhtml" xml:lang="en" lang="en">
 <head>
  <title>
</title>
<meta http-equiv="Content-Type" content="text/html;charset=utf-8" />
  <meta name='ocr-system' content='tesseract 3.04.00' />
  <meta name='ocr-capabilities' content='ocr_page ocr_carea ocr_par ocr_line ocrx_word'/>
</head>
<body>
  <div class='ocr_page' id='page_1' title='image "./walafridistrabo00kngoog_0062.png"; bbox 0 0 2896 4828; ppageno 0'>
   <div class='ocr_carea' id='block_1_1' title="bbox 656 417 875 486">
    <p class='ocr_par' dir='ltr' id='par_1_1' title="bbox 656 417 875 486">
     <span class='ocr_line' id='line_1_1' title="bbox 656 417 875 486; baseline 0.014 -13"><span class='ocrx_word' id='word_1_1' title='bbox 656 417 875 486; x_wconf 18' lang='lat'>¹-40-</span> 
     </span>
    </p>
   </div>
   <div class='ocr_carea' id='block_1_2' title="bbox 236 584 1307 2387">
    <p class='ocr_par' dir='ltr' id='par_1_2' title="bbox 236 584 1307 2387">
     <span class='ocr_line' id='line_1_2' title="bbox 237 584 1306 661; baseline -0.003 -15"><span class='ocrx_word' id='word_1_2' title='bbox 237 592 361 661; x_wconf 89' lang='lat' dir='ltr'>ceptum</span> <span class='ocrx_word' id='word_1_3' title='bbox 391 591 440 644; x_wconf 89' lang='lat' dir='ltr'>est</span> <span class='ocrx_word' id='word_1_4' title='bbox 476 587 524 645; x_wconf 85' lang='lat' dir='ltr'>vel</span> <span class='ocrx_word' id='word_1_5' title='bbox 558 587 662 661; x_wconf 89' lang='lat' dir='ltr'>potius</span> <span class='ocrx_word' id='word_1_6' title='bbox 697 586 884 661; x_wconf 89' lang='lat' dir='ltr'>permissum</span> <span class='ocrx_word' id='word_1_7' title='bbox 919 585 1109 654; x_wconf 88' lang='lat' dir='ltr'>carnalibus,</span> <span class='ocrx_word' id='word_1_8' title='bbox 1142 584 1244 643; x_wconf 83' lang='lat' dir='ltr'>varias</span> <span class='ocrx_word' id='word_1_9' title='bbox 1275 592 1306 643; x_wconf 90' lang='lat' dir='ltr'>et</span> 
     </span>
     <span class='ocr_line' id='line_1_3' title="bbox 237 685 1304 762; baseline -0.003 -14"><span class='ocrx_word' id='word_1_10' title='bbox 237 693 441 762; x_wconf 91' lang='lat' dir='ltr'>sumptuosas</span> <span class='ocrx_word' id='word_1_11' title='bbox 466 687 641 746; x_wconf 88' lang='lat' dir='ltr'>oblationes</span> <span class='ocrx_word' id='word_1_12' title='bbox 659 686 816 756; x_wconf 82' lang='lat' dir='ltr'>exhibere,</span> <span class='ocrx_word' id='word_1_13' title='bbox 840 692 874 745; x_wconf 90' lang='lat' dir='ltr'>ut</span> <span class='ocrx_word' id='word_1_14' title='bbox 897 687 1019 747; x_wconf 78' lang='lat' dir='ltr'>servilis</span> <span class='ocrx_word' id='word_1_15' title='bbox 1034 685 1142 761; x_wconf 84' lang='lat' dir='ltr'>religio</span> <span class='ocrx_word' id='word_1_16' title='bbox 1157 686 1304 760; x_wconf 84' lang='lat' dir='ltr'>gravibus</span> 
     </span>
     <span class='ocr_line' id='line_1_4' title="bbox 237 787 1305 865; baseline 0 -17"><span class='ocrx_word' id='word_1_17' title='bbox 237 790 421 848; x_wconf 73' lang='lat' dir='ltr'>desudareta</span> <span class='ocrx_word' id='word_1_18' title='bbox 453 787 629 865; x_wconf 90' lang='lat' dir='ltr'>obsequiis;</span> <span class='ocrx_word' id='word_1_19' title='bbox 669 796 701 847; x_wconf 88' lang='lat' dir='ltr'>at</span> <span class='ocrx_word' id='word_1_20' title='bbox 731 805 806 848; x_wconf 88' lang='lat' dir='ltr'>vero</span> <span class='ocrx_word' id='word_1_21' title='bbox 846 796 1012 865; x_wconf 82' lang='lat' dir='ltr'>postquam</span> <span class='ocrx_word' id='word_1_22' title='bbox 1051 803 1146 862; x_wconf 89' lang='lat' dir='ltr'>super</span> <span class='ocrx_word' id='word_1_23' title='bbox 1182 803 1305 848; x_wconf 92' lang='lat' dir='ltr'>omnem</span> 
     </span>
     <span class='ocr_line' id='line_1_5' title="bbox 236 888 1305 964; baseline -0.001 -14"><span class='ocrx_word' id='word_1_24' title='bbox 236 897 351 950; x_wconf 88' lang='lat' dir='ltr'>terram</span> <span class='ocrx_word' id='word_1_25' title='bbox 375 889 533 950; x_wconf 83' lang='lat' dir='ltr'>laudabile</span> <span class='ocrx_word' id='word_1_26' title='bbox 555 908 668 950; x_wconf 89' lang='lat' dir='ltr'>nornen</span> <span class='ocrx_word' id='word_1_27' title='bbox 686 893 810 952; x_wconf 88' lang='lat' dir='ltr'>Domini</span> <span class='ocrx_word' id='word_1_28' title='bbox 826 891 945 962; x_wconf 86' lang='lat' dir='ltr'>inluxit,</span> <span class='ocrx_word' id='word_1_29' title='bbox 961 891 1098 964; x_wconf 86' lang='lat' dir='ltr'>dumque</span> <span class='ocrx_word' id='word_1_30' title='bbox 1113 888 1143 946; x_wconf 91' lang='lat' dir='ltr'>in</span> <span class='ocrx_word' id='word_1_31' title='bbox 1161 890 1305 949; x_wconf 89' lang='lat' dir='ltr'>omnibus</span> 
     </span>
     <span class='ocr_line' id='line_1_6' title="bbox 236 992 1305 1068; baseline -0.001 -18"><span class='ocrx_word' id='word_1_32' title='bbox 236 992 314 1053; x_wconf 92' lang='lat' dir='ltr'>locis</span> <span class='ocrx_word' id='word_1_33' title='bbox 344 998 375 1051; x_wconf 90' lang='lat' dir='ltr'>et</span> <span class='ocrx_word' id='word_1_34' title='bbox 403 992 546 1064; x_wconf 80' lang='lat' dir='ltr'>gentibus</span> <span class='ocrx_word' id='word_1_35' title='bbox 577 1009 638 1052; x_wconf 93' lang='lat' dir='ltr'>non</span> <span class='ocrx_word' id='word_1_36' title='bbox 662 994 813 1068; x_wconf 89' lang='lat' dir='ltr'>speciale,</span> <span class='ocrx_word' id='word_1_37' title='bbox 842 994 899 1053; x_wconf 90' lang='lat' dir='ltr'>sed</span> <span class='ocrx_word' id='word_1_38' title='bbox 927 992 1070 1068; x_wconf 83' lang='lat' dir='ltr'>generale</span> <span class='ocrx_word' id='word_1_39' title='bbox 1094 992 1305 1051; x_wconf 80' lang='lat' dir='ltr'>sacerdotium</span> 
     </span>
     <span class='ocr_line' id='line_1_7' title="bbox 238 1093 1305 1170; baseline 0 -18"><span class='ocrx_word' id='word_1_40' title='bbox 238 1094 373 1170; x_wconf 83' lang='lat' dir='ltr'>geritur,</span> <span class='ocrx_word' id='word_1_41' title='bbox 407 1098 469 1153; x_wconf 90' lang='lat' dir='ltr'>tota</span> <span class='ocrx_word' id='word_1_42' title='bbox 501 1093 638 1154; x_wconf 86' lang='lat' dir='ltr'>fidelium</span> <span class='ocrx_word' id='word_1_43' title='bbox 672 1095 789 1154; x_wconf 89' lang='lat' dir='ltr'>unitate</span> <span class='ocrx_word' id='word_1_44' title='bbox 807 1110 883 1154; x_wconf 69' lang='lat' dir='ltr'>vnon</span> <span class='ocrx_word' id='word_1_45' title='bbox 916 1096 945 1153; x_wconf 94' lang='lat' dir='ltr'>in</span> <span class='ocrx_word' id='word_1_46' title='bbox 979 1110 1074 1152; x_wconf 92' lang='lat' dir='ltr'>unum</span> <span class='ocrx_word' id='word_1_47' title='bbox 1104 1094 1305 1168; x_wconf 84' lang='lat' dir='ltr'>corporaliter</span> 
     </span>
     <span class='ocr_line' id='line_1_8' title="bbox 236 1195 1303 1272; baseline -0.001 -18"><span class='ocrx_word' id='word_1_48' title='bbox 236 1197 349 1269; x_wconf 89' lang='lat' dir='ltr'>locum,</span> <span class='ocrx_word' id='word_1_49' title='bbox 373 1197 428 1254; x_wconf 92' lang='lat' dir='ltr'>sed</span> <span class='ocrx_word' id='word_1_50' title='bbox 451 1195 483 1254; x_wconf 91' lang='lat' dir='ltr'>in</span> <span class='ocrx_word' id='word_1_51' title='bbox 506 1211 598 1254; x_wconf 92' lang='lat' dir='ltr'>unam</span> <span class='ocrx_word' id='word_1_52' title='bbox 615 1196 793 1272; x_wconf 81' lang='lat' dir='ltr'>spiritaliter</span> <span class='ocrx_word' id='word_1_53' title='bbox 814 1197 905 1256; x_wconf 88' lang='lat' dir='ltr'>iidem</span> <span class='ocrx_word' id='word_1_54' title='bbox 927 1200 1129 1256; x_wconf 82' lang='lat' dir='ltr'>concurrente</span> <span class='ocrx_word' id='word_1_55' title='bbox 1153 1201 1303 1255; x_wconf 90' lang='lat' dir='ltr'>statutum</span> 
     </span>
     <span class='ocr_line' id='line_1_9' title="bbox 238 1296 1304 1373; baseline -0.002 -16"><span class='ocrx_word' id='word_1_56' title='bbox 238 1303 287 1357; x_wconf 89' lang='lat' dir='ltr'>est</span> <span class='ocrx_word' id='word_1_57' title='bbox 308 1297 463 1368; x_wconf 79' lang='grc'>1111011113,</span> <span class='ocrx_word' id='word_1_58' title='bbox 487 1296 658 1357; x_wconf 89' lang='lat' dir='ltr'>oblationes</span> <span class='ocrx_word' id='word_1_59' title='bbox 675 1297 833 1373; x_wconf 88' lang='lat' dir='ltr'>simplices</span> <span class='ocrx_word' id='word_1_60' title='bbox 849 1299 982 1360; x_wconf 88' lang='lat' dir='ltr'>Domino</span> <span class='ocrx_word' id='word_1_61' title='bbox 1007 1312 1198 1371; x_wconf 86' lang='lat' dir='ltr'>consecrare,</span> <span class='ocrx_word' id='word_1_62' title='bbox 1222 1313 1304 1372; x_wconf 84' lang='lat' dir='ltr'>quae</span> 
     </span>
     <span class='ocr_line' id='line_1_10' title="bbox 239 1399 1306 1476; baseline -0.001 -17"><span class='ocrx_word' id='word_1_63' title='bbox 239 1406 270 1459; x_wconf 90' lang='lat' dir='ltr'>et</span> <span class='ocrx_word' id='word_1_64' title='bbox 291 1399 453 1459; x_wconf 88' lang='lat' dir='ltr'>veritatem</span> <span class='ocrx_word' id='word_1_65' title='bbox 476 1399 614 1474; x_wconf 87' lang='lat' dir='ltr'>mysterii</span> <span class='ocrx_word' id='word_1_66' title='bbox 639 1400 835 1460; x_wconf 85' lang='lat' dir='ltr'>continerent</span> <span class='ocrx_word' id='word_1_67' title='bbox 858 1409 888 1459; x_wconf 88' lang='lat' dir='ltr'>et</span> <span class='ocrx_word' id='word_1_68' title='bbox 918 1401 997 1460; x_wconf 88' lang='lat' dir='ltr'>filios</span> <span class='ocrx_word' id='word_1_69' title='bbox 1022 1399 1196 1476; x_wconf 87' lang='lat' dir='ltr'>adoptionis</span> <span class='ocrx_word' id='word_1_70' title='bbox 1220 1400 1306 1459; x_wconf 88' lang='lat' dir='ltr'>nulla</span> 
     </span>
     <span class='ocr_line' id='line_1_11' title="bbox 237 1499 1304 1578; baseline 0.001 -19"><span class='ocrx_word' id='word_1_71' title='bbox 237 1505 417 1573; x_wconf 89' lang='lat' dir='ltr'>sumptuum</span> <span class='ocrx_word' id='word_1_72' title='bbox 454 1499 633 1561; x_wconf 84' lang='lat' dir='ltr'>difficultate</span> <span class='ocrx_word' id='word_1_73' title='bbox 666 1503 913 1578; x_wconf 89' lang='lat' dir='ltr'>comprimerent.</span> <span class='ocrx_word' id='word_1_74' title='bbox 945 1536 988 1544; x_wconf 94' lang='grc'>-</span> <span class='ocrx_word' id='word_1_75' title='bbox 1016 1501 1082 1561; x_wconf 90' lang='lat' dir='ltr'>Non</span> <span class='ocrx_word' id='word_1_76' title='bbox 1118 1510 1166 1561; x_wconf 88' lang='lat' dir='ltr'>est</span> <span class='ocrx_word' id='word_1_77' title='bbox 1199 1507 1304 1560; x_wconf 90' lang='lat' dir='ltr'>autem</span> 
     </span>
     <span class='ocr_line' id='line_1_12' title="bbox 238 1601 1304 1675; baseline 0.002 -15"><span class='ocrx_word' id='word_1_78' title='bbox 238 1601 467 1662; x_wconf 89' lang='lat' dir='ltr'>discutiendum</span> <span class='ocrx_word' id='word_1_79' title='bbox 490 1604 609 1663; x_wconf 87' lang='lat' dir='ltr'>ratione</span> <span class='ocrx_word' id='word_1_80' title='bbox 632 1604 818 1675; x_wconf 85' lang='lat' dir='ltr'>mortalium,</span> <span class='ocrx_word' id='word_1_81' title='bbox 840 1619 895 1663; x_wconf 87' lang='lat' dir='ltr'>cur</span> <span class='ocrx_word' id='word_1_82' title='bbox 916 1602 995 1662; x_wconf 88' lang='lat' dir='ltr'>haec</span> <span class='ocrx_word' id='word_1_83' title='bbox 1018 1605 1068 1662; x_wconf 90' lang='lat' dir='ltr'>vel</span> <span class='ocrx_word' id='word_1_84' title='bbox 1092 1603 1152 1674; x_wconf 86' lang='lat' dir='ltr'>illa,</span> <span class='ocrx_word' id='word_1_85' title='bbox 1175 1603 1232 1662; x_wconf 90' lang='lat' dir='ltr'>isto</span> <span class='ocrx_word' id='word_1_86' title='bbox 1253 1605 1304 1662; x_wconf 85' lang='lat' dir='ltr'>vel</span> 
     </span>
     <span class='ocr_line' id='line_1_13' title="bbox 238 1683 1305 1780; baseline -0.001 -17"><span class='ocrx_word' id='word_1_87' title='bbox 238 1704 289 1763; x_wconf 91' lang='lat' dir='ltr'>illo</span> <span class='ocrx_word' id='word_1_88' title='bbox 312 1683 576 1780; x_wconf 57' lang='lat' dir='ltr'>tempore,&#39;quasi</span> <span class='ocrx_word' id='word_1_89' title='bbox 599 1705 725 1766; x_wconf 88' lang='lat' dir='ltr'>diversa</span> <span class='ocrx_word' id='word_1_90' title='bbox 740 1712 771 1765; x_wconf 90' lang='lat' dir='ltr'>et</span> <span class='ocrx_word' id='word_1_91' title='bbox 786 1705 996 1780; x_wconf 86' lang='lat' dir='ltr'>discrepantia</span> <span class='ocrx_word' id='word_1_92' title='bbox 1018 1705 1079 1776; x_wconf 88' lang='lat' dir='ltr'>llle,</span> <span class='ocrx_word' id='word_1_93' title='bbox 1103 1707 1156 1780; x_wconf 89' lang='lat' dir='ltr'>qui</span> <span class='ocrx_word' id='word_1_94' title='bbox 1180 1720 1305 1780; x_wconf 89' lang='lat' dir='ltr'>semper</span> 
     </span>
     <span class='ocr_line' id='line_1_14' title="bbox 238 1792 1304 1884; baseline -0.001 -21"><span class='ocrx_word' id='word_1_95' title='bbox 238 1805 321 1864; x_wconf 89' lang='lat' dir='ltr'>idern</span> <span class='ocrx_word' id='word_1_96' title='bbox 349 1810 398 1864; x_wconf 92' lang='lat' dir='ltr'>est</span> <span class='ocrx_word' id='word_1_97' title='bbox 428 1810 458 1863; x_wconf 89' lang='lat' dir='ltr'>et</span> <span class='ocrx_word' id='word_1_98' title='bbox 481 1807 592 1865; x_wconf 92' lang='lat' dir='ltr'>mutari</span> <span class='ocrx_word' id='word_1_99' title='bbox 616 1823 677 1866; x_wconf 90' lang='lat' dir='ltr'>non</span> <span class='ocrx_word' id='word_1_100' title='bbox 700 1813 817 1884; x_wconf 89' lang='lat' dir='ltr'>potest,</span> <span class='ocrx_word' id='word_1_101' title='bbox 840 1805 983 1866; x_wconf 87' lang='lat' dir='ltr'>statuerit</span> <span class='ocrx_word' id='word_1_102' title='bbox 1005 1808 1055 1865; x_wconf 86' lang='lat' dir='ltr'>vel</span> <span class='ocrx_word' id='word_1_103' title='bbox 1080 1805 1211 1875; x_wconf 90' lang='lat' dir='ltr'>iusserit,</span> <span class='ocrx_word' id='word_1_104' title='bbox 1233 1792 1304 1863; x_wconf 87' lang='lat' dir='ltr'>eum</span> 
     </span>
     <span class='ocr_line' id='line_1_15' title="bbox 238 1906 1304 1984; baseline -0.001 -19"><span class='ocrx_word' id='word_1_105' title='bbox 238 1907 379 1982; x_wconf 89' lang='lat' dir='ltr'>ipsorum</span> <span class='ocrx_word' id='word_1_106' title='bbox 392 1906 534 1966; x_wconf 88' lang='lat' dir='ltr'>conditor</span> <span class='ocrx_word' id='word_1_107' title='bbox 546 1915 576 1967; x_wconf 91' lang='lat' dir='ltr'>et</span> <span class='ocrx_word' id='word_1_108' title='bbox 588 1909 745 1968; x_wconf 88' lang='lat' dir='ltr'>ordinator</span> <span class='ocrx_word' id='word_1_109' title='bbox 756 1913 940 1983; x_wconf 87' lang='lat' dir='ltr'>temporum,</span> <span class='ocrx_word' id='word_1_110' title='bbox 952 1907 1102 1984; x_wconf 88' lang='lat' dir='ltr'>quicquid</span> <span class='ocrx_word' id='word_1_111' title='bbox 1119 1908 1148 1966; x_wconf 91' lang='lat' dir='ltr'>in</span> <span class='ocrx_word' id='word_1_112' title='bbox 1166 1913 1304 1980; x_wconf 91' lang='lat' dir='ltr'>ternpore</span> 
     </span>
     <span class='ocr_line' id='line_1_16' title="bbox 238 2008 1305 2088; baseline -0.002 -21"><span class='ocrx_word' id='word_1_113' title='bbox 238 2009 280 2080; x_wconf 89' lang='lat' dir='ltr'>fit,</span> <span class='ocrx_word' id='word_1_114' title='bbox 303 2023 362 2066; x_wconf 94' lang='lat' dir='ltr'>non</span> <span class='ocrx_word' id='word_1_115' title='bbox 385 2009 548 2084; x_wconf 91' lang='lat' dir='ltr'>temporali</span> <span class='ocrx_word' id='word_1_116' title='bbox 566 2011 736 2085; x_wconf 87' lang='lat' dir='ltr'>sapientiae</span> <span class='ocrx_word' id='word_1_117' title='bbox 753 2027 828 2070; x_wconf 89' lang='lat' dir='ltr'>suae</span> <span class='ocrx_word' id='word_1_118' title='bbox 844 2008 970 2080; x_wconf 88' lang='lat' dir='ltr'>ratione,</span> <span class='ocrx_word' id='word_1_119' title='bbox 993 2011 1050 2088; x_wconf 81' lang='lat' dir='ltr'>sed</span> <span class='ocrx_word' id='word_1_120' title='bbox 1071 2017 1197 2070; x_wconf 90' lang='lat' dir='ltr'>aeterna</span> <span class='ocrx_word' id='word_1_121' title='bbox 1213 2008 1305 2077; x_wconf 88' lang='lat' dir='ltr'>iuste,</span> 
     </span>
     <span class='ocr_line' id='line_1_17' title="bbox 240 2111 1305 2188; baseline 0.003 -17"><span class='ocrx_word' id='word_1_122' title='bbox 240 2111 461 2171; x_wconf 84' lang='lat' dir='ltr'>convenienter</span> <span class='ocrx_word' id='word_1_123' title='bbox 484 2117 514 2170; x_wconf 91' lang='lat' dir='ltr'>et</span> <span class='ocrx_word' id='word_1_124' title='bbox 536 2113 660 2184; x_wconf 91' lang='lat' dir='ltr'>utiliter,</span> <span class='ocrx_word' id='word_1_125' title='bbox 684 2112 828 2188; x_wconf 85' lang='lat' dir='ltr'>quamvis</span> <span class='ocrx_word' id='word_1_126' title='bbox 852 2113 979 2188; x_wconf 90' lang='lat' dir='ltr'>saepius</span> <span class='ocrx_word' id='word_1_127' title='bbox 1001 2114 1130 2184; x_wconf 92' lang='lat' dir='ltr'>occulte,</span> <span class='ocrx_word' id='word_1_128' title='bbox 1153 2111 1305 2186; x_wconf 82' lang='lat' dir='ltr'>disponat.</span> 
     </span>
     <span class='ocr_line' id='line_1_18' title="bbox 240 2213 1307 2289; baseline 0 -17"><span class='ocrx_word' id='word_1_129' title='bbox 240 2213 417 2273; x_wconf 89' lang='lat' dir='ltr'>Notandum</span> <span class='ocrx_word' id='word_1_130' title='bbox 454 2218 571 2284; x_wconf 91' lang='lat' dir='ltr'>tamen,</span> <span class='ocrx_word' id='word_1_131' title='bbox 608 2214 690 2289; x_wconf 89' lang='lat' dir='ltr'>quod</span> <span class='ocrx_word' id='word_1_132' title='bbox 730 2230 790 2273; x_wconf 91' lang='lat' dir='ltr'>non</span> <span class='ocrx_word' id='word_1_133' title='bbox 830 2215 867 2274; x_wconf 89' lang='lat' dir='ltr'>de</span> <span class='ocrx_word' id='word_1_134' title='bbox 903 2214 1086 2286; x_wconf 82' lang='grc'>1111011113,</span> <span class='ocrx_word' id='word_1_135' title='bbox 1120 2213 1307 2280; x_wconf 83' lang='lat' dir='ltr'>tortioribus,</span> 
     </span>
     <span class='ocr_line' id='line_1_19' title="bbox 239 2314 1305 2387; baseline -0.003 -13"><span class='ocrx_word' id='word_1_136' title='bbox 239 2315 464 2384; x_wconf 86' lang='lat' dir='ltr'>sanctioribus,</span> <span class='ocrx_word' id='word_1_137' title='bbox 488 2315 662 2376; x_wconf 90' lang='lat' dir='ltr'>utilioribus</span> <span class='ocrx_word' id='word_1_138' title='bbox 690 2317 730 2374; x_wconf 89' lang='lat' dir='ltr'>ad</span> <span class='ocrx_word' id='word_1_139' title='bbox 759 2315 891 2387; x_wconf 88' lang='lat' dir='ltr'>minora,</span> <span class='ocrx_word' id='word_1_140' title='bbox 914 2315 1096 2387; x_wconf 86' lang='lat' dir='ltr'>infirmiora,</span> <span class='ocrx_word' id='word_1_141' title='bbox 1118 2315 1236 2381; x_wconf 82' lang='lat' dir='ltr'>viliora,</span> <span class='ocrx_word' id='word_1_142' title='bbox 1259 2314 1305 2372; x_wconf 93' lang='lat' dir='ltr'>in·</span> 
     </span>
    </p>
   </div>
   <div class='ocr_carea' id='block_1_3' title="bbox 158 2415 1307 3086">
    <p class='ocr_par' dir='ltr' id='par_1_3' title="bbox 158 2415 1307 3086">
     <span class='ocr_line' id='line_1_20' title="bbox 158 2415 1304 2494; baseline -0.003 -19"><span class='ocrx_word' id='word_1_143' title='bbox 158 2440 160 2442; x_wconf 94' lang='lat'>·</span> <span class='ocrx_word' id='word_1_144' title='bbox 238 2417 365 2476; x_wconf 87' lang='lat' dir='ltr'>utiliora</span> <span class='ocrx_word' id='word_1_145' title='bbox 388 2431 486 2492; x_wconf 81' lang='lat' dir='ltr'>genus</span> <span class='ocrx_word' id='word_1_146' title='bbox 510 2417 679 2476; x_wconf 90' lang='lat' dir='ltr'>humanum</span> <span class='ocrx_word' id='word_1_147' title='bbox 702 2419 881 2488; x_wconf 85' lang='lat' dir='ltr'>vocaverit,</span> <span class='ocrx_word' id='word_1_148' title='bbox 909 2419 965 2477; x_wconf 91' lang='lat' dir='ltr'>sed</span> <span class='ocrx_word' id='word_1_149' title='bbox 993 2417 1073 2477; x_wconf 89' lang='lat' dir='ltr'>sicut</span> <span class='ocrx_word' id='word_1_150' title='bbox 1094 2432 1232 2494; x_wconf 90' lang='lat' dir='ltr'>persona</span> <span class='ocrx_word' id='word_1_151' title='bbox 1253 2415 1304 2472; x_wconf 88' lang='lat' dir='ltr'>lilii</span> 
     </span>
     <span class='ocr_line' id='line_1_21' title="bbox 240 2518 1305 2593; baseline -0.004 -15"><span class='ocrx_word' id='word_1_152' title='bbox 240 2520 343 2578; x_wconf 89' lang='lat' dir='ltr'>servis</span> <span class='ocrx_word' id='word_1_153' title='bbox 364 2518 557 2593; x_wconf 86' lang='lat' dir='ltr'>praemissis,</span> <span class='ocrx_word' id='word_1_154' title='bbox 580 2519 630 2576; x_wconf 89' lang='lat' dir='ltr'>vel</span> <span class='ocrx_word' id='word_1_155' title='bbox 653 2519 773 2593; x_wconf 80' lang='lat' dir='ltr'>angelis</span> <span class='ocrx_word' id='word_1_156' title='bbox 796 2519 942 2577; x_wconf 81' lang='lat' dir='ltr'>videlieet</span> <span class='ocrx_word' id='word_1_157' title='bbox 964 2520 1013 2578; x_wconf 83' lang='lat' dir='ltr'>rel</span> <span class='ocrx_word' id='word_1_158' title='bbox 1037 2519 1227 2588; x_wconf 85' lang='grc'>1011111113,</span> <span class='ocrx_word' id='word_1_159' title='bbox 1250 2533 1305 2574; x_wconf 93' lang='lat' dir='ltr'>na-</span> 
     </span>
     <span class='ocr_line' id='line_1_22' title="bbox 239 2619 1307 2696; baseline 0.002 -18"><span class='ocrx_word' id='word_1_160' title='bbox 239 2627 329 2678; x_wconf 89' lang='lat' dir='ltr'>turae</span> <span class='ocrx_word' id='word_1_161' title='bbox 353 2635 429 2680; x_wconf 91' lang='lat' dir='ltr'>suae</span> <span class='ocrx_word' id='word_1_162' title='bbox 452 2620 623 2694; x_wconf 89' lang='lat' dir='ltr'>praeminet</span> <span class='ocrx_word' id='word_1_163' title='bbox 639 2619 809 2690; x_wconf 89' lang='lat' dir='ltr'>maiestate,</span> <span class='ocrx_word' id='word_1_164' title='bbox 831 2620 877 2680; x_wconf 87' lang='lat' dir='ltr'>sio</span> <span class='ocrx_word' id='word_1_165' title='bbox 896 2620 1008 2696; x_wconf 86' lang='lat' dir='ltr'>ipsein</span> <span class='ocrx_word' id='word_1_166' title='bbox 1027 2636 1118 2681; x_wconf 90' lang='lat' dir='ltr'>carne</span> <span class='ocrx_word' id='word_1_167' title='bbox 1135 2620 1307 2680; x_wconf 87' lang='lat' dir='ltr'>adveniens</span> 
     </span>
     <span class='ocr_line' id='line_1_23' title="bbox 240 2720 1306 2797; baseline 0 -18"><span class='ocrx_word' id='word_1_168' title='bbox 240 2721 300 2780; x_wconf 92' lang='lat' dir='ltr'>illis</span> <span class='ocrx_word' id='word_1_169' title='bbox 323 2721 443 2779; x_wconf 87' lang='lat' dir='ltr'>maiora</span> <span class='ocrx_word' id='word_1_170' title='bbox 466 2720 605 2792; x_wconf 90' lang='lat' dir='ltr'>instituit,</span> <span class='ocrx_word' id='word_1_171' title='bbox 628 2727 659 2780; x_wconf 91' lang='lat' dir='ltr'>et</span> <span class='ocrx_word' id='word_1_172' title='bbox 682 2723 892 2782; x_wconf 86' lang='lat' dir='ltr'>acarnalibus</span> <span class='ocrx_word' id='word_1_173' title='bbox 909 2722 947 2779; x_wconf 89' lang='lat' dir='ltr'>ad</span> <span class='ocrx_word' id='word_1_174' title='bbox 965 2722 1123 2797; x_wconf 88' lang='lat' dir='ltr'>spiritalia,</span> <span class='ocrx_word' id='word_1_175' title='bbox 1142 2722 1306 2782; x_wconf 88' lang='lat' dir='ltr'>aterrenis</span> 
     </span>
     <span class='ocr_line' id='line_1_24' title="bbox 242 2821 1307 2900; baseline 0.001 -19"><span class='ocrx_word' id='word_1_176' title='bbox 242 2823 280 2881; x_wconf 89' lang='lat' dir='ltr'>ad</span> <span class='ocrx_word' id='word_1_177' title='bbox 305 2821 460 2894; x_wconf 84' lang='lat' dir='ltr'>caelestia,</span> <span class='ocrx_word' id='word_1_178' title='bbox 483 2839 501 2880; x_wconf 91' lang='lat' dir='ltr'>a</span> <span class='ocrx_word' id='word_1_179' title='bbox 525 2821 750 2898; x_wconf 86' lang='lat' dir='ltr'>temporalibus</span> <span class='ocrx_word' id='word_1_180' title='bbox 772 2824 811 2882; x_wconf 90' lang='lat' dir='ltr'>ad</span> <span class='ocrx_word' id='word_1_181' title='bbox 836 2831 971 2894; x_wconf 88' lang='lat' dir='ltr'>aeterna,</span> <span class='ocrx_word' id='word_1_182' title='bbox 994 2823 1033 2882; x_wconf 87' lang='lat' dir='ltr'>ab</span> <span class='ocrx_word' id='word_1_183' title='bbox 1058 2824 1243 2900; x_wconf 82' lang='lat' dir='ltr'>imperfectis</span> <span class='ocrx_word' id='word_1_184' title='bbox 1266 2824 1307 2882; x_wconf 87' lang='lat' dir='ltr'>ad</span> 
     </span>
     <span class='ocr_line' id='line_1_25' title="bbox 242 2924 1306 3001; baseline -0.001 -18"><span class='ocrx_word' id='word_1_185' title='bbox 242 2925 384 3001; x_wconf 86' lang='lat' dir='ltr'>perlecta,</span> <span class='ocrx_word' id='word_1_186' title='bbox 408 2924 446 2982; x_wconf 90' lang='lat' dir='ltr'>ab</span> <span class='ocrx_word' id='word_1_187' title='bbox 468 2924 580 2985; x_wconf 91' lang='lat' dir='ltr'>umbra</span> <span class='ocrx_word' id='word_1_188' title='bbox 603 2926 639 2983; x_wconf 87' lang='lat' dir='ltr'>ad</span> <span class='ocrx_word' id='word_1_189' title='bbox 664 2941 788 3001; x_wconf 87' lang='lat' dir='ltr'>corpus,</span> <span class='ocrx_word' id='word_1_190' title='bbox 812 2926 849 2984; x_wconf 90' lang='lat' dir='ltr'>ab</span> <span class='ocrx_word' id='word_1_191' title='bbox 873 2925 1059 3000; x_wconf 82' lang='lat' dir='ltr'>imaginibus</span> <span class='ocrx_word' id='word_1_192' title='bbox 1082 2926 1121 2984; x_wconf 91' lang='lat' dir='ltr'>ad</span> <span class='ocrx_word' id='word_1_193' title='bbox 1144 2927 1306 2985; x_wconf 87' lang='lat' dir='ltr'>veritatem</span> 
     </span>
     <span class='ocr_line' id='line_1_26' title="bbox 240 3026 604 3086; baseline 0.008 -3"><span class='ocrx_word' id='word_1_194' title='bbox 240 3026 346 3086; x_wconf 91' lang='lat' dir='ltr'>docuit</span> <span class='ocrx_word' id='word_1_195' title='bbox 368 3029 604 3086; x_wconf 88' lang='lat' dir='ltr'>transeundum.</span> 
     </span>
    </p>
   </div>
   <div class='ocr_carea' id='block_1_4' title="bbox 308 3275 548 3339">
    <p class='ocr_par' dir='ltr' id='par_1_4' title="bbox 308 3275 548 3339">
     <span class='ocr_line' id='line_1_27' title="bbox 308 3275 548 3339; baseline 0.008 -13"><span class='ocrx_word' id='word_1_196' title='bbox 308 3275 321 3304; x_wconf 77' lang='lat'>⁸</span> <span class='ocrx_word' id='word_1_197' title='bbox 339 3293 373 3339; x_wconf 88' lang='lat' dir='ltr'>m,</span> <span class='ocrx_word' id='word_1_198' title='bbox 391 3277 548 3328; x_wconf 84' lang='lat' dir='ltr'>desuaderet.</span> 
     </span>
    </p>
   </div>
   <div class='ocr_carea' id='block_1_5' title="bbox 0 0 1454 4828">
    <p class='ocr_par' dir='ltr' id='par_1_5' title="bbox 0 0 1454 4828">
     <span class='ocr_line' id='line_1_28' title="bbox 0 0 1454 4828; baseline 0 0"><span class='ocrx_word' id='word_1_199' title='bbox 0 0 1454 4828; x_wconf 95' lang='lat' dir='ltr'> </span> 
     </span>
    </p>
   </div>
  </div>
 </body>
</html>
