2956 4766
698 365 909 428 ..30-

273 535 482 605 servatores1‚
512 535 638 595 remotis
666 535 799 594 caeterIs
823 534 1101 612 compositionibus
1132 533 1213 594 hunc
1242 531 1327 594 buius

270 634 356 710 ymni
380 635 525 695 tenorem
549 653 609 696 non
635 637 723 697 aliter
746 637 969 712 suscepissent,
994 637 1055 696 nisi
1079 651 1150 696 eum
1168 651 1272 713 purum
1294 635 1328 693 ab

272 737 356 795 omni
373 753 477 797 errore
494 740 705 814 cognoverint.
743 738 906 798 Affirmant
921 739 1074 815 siquidem
1093 739 1188 808 mulli,
1210 753 1329 814 ymnum

273 837 364 897 istum
394 839 492 899 niceni
522 841 642 901 concilii
670 841 885 901 sacratissima
914 841 1075 901 sanctione
1098 841 1280 916 prolatum,
1302 844 1331 896 ut

274 940 416 1001 omnibus
429 941 537 1001 officiis
551 947 582 1002 ct
593 942 783 1002 orationibus
797 942 993 1002 intermixtus
1006 947 1037 1001 et
1049 941 1140 1002 fidem
1155 947 1331 1002 coaeternae

270 1042 415 1104 trinitatis
437 1044 571 1104 inculcet
594 1049 625 1104 et
653 1043 682 1102 ln
713 1043 846 1118 singuiis
869 1044 1072 1120 petitionibus
1095 1046 1164 1121 Ipsa
1188 1042 1330 1105 consessio

272 1144 381 1205 melius
405 1146 542 1208 savorem
568 1146 692 1207 divinae
716 1147 927 1208 exauditionis
944 1148 1091 1208 obtineat.
1129 1147 1220 1208 Hunc
1236 1147 1331 1221 ltaque

271 1265 396 1322 ymnum
425 1247 561 1308 nonnulli
591 1248 733 1309 omnibus
762 1264 842 1325 pene
880 1251 1011 1325 psalmis
1049 1255 1079 1310 et
1109 1249 1262 1309 interdum
1294 1248 1332 1306 in·

273 1350 442 1412 cisionibus
455 1350 646 1426 psalmorum
661 1356 815 1425 coaptant,
828 1353 1036 1426 responsoriis
1048 1368 1123 1412 vero
1143 1350 1332 1428 paucioribus
1380 1403 1382 1412 i

272 1456 307 1511 ut
329 1453 371 1511 illi
395 1453 448 1528 qui
473 1456 590 1512 statuta
612 1452 710 1527 patris
726 1452 886 1513 Benedicti
909 1454 939 1512 in
956 1453 1044 1515 horis
1059 1461 1235 1532 sequuntur
1250 1467 1332 1513 cano·

273 1552 364 1628 nicis3
380 1553 510 1637 Romani
528 1569 598 1613 eum
616 1555 643 1612 in
662 1555 791 1631 psalmis
807 1555 919 1628 rarius,
930 1557 960 1616 ln
976 1553 1186 1632 responsoriis
1203 1555 1333 1615 crebrius

273 1654 394 1714 lterant.
434 1654 517 1715 Sane
533 1672 668 1729 versum,
686 1658 783 1734 quiin
802 1658 1054 1735 capiteomnium
1071 1665 1196 1733 praeter
1213 1658 1333 1718 missas³

274 1755 459 1828 ciliciorum,
490 1773 570 1831 quae
600 1757 686 1818 horIs
709 1759 866 1820 canoniciS
890 1759 1092 1832 exhibentur,
1118 1761 1177 1821 dici
1201 1763 1288 1833 solet
1311 1757 1332 1816 ld

341 1956 389 2017 ²1,
408 1959 498 2019 missa;
517 1974 551 2009 m.
570 1958 685 2011 missam.

646 2083 883 2090 -.—..-..-.—-.
1134 2081 1334 2092 -.-—---

345 2149 354 2182 ¹
371 2143 422 2196 Cir.
435 2161 492 2209 sup.
505 2160 545 2209 op.
557 2143 643 2207 XXIII,
655 2161 680 2210 p.
691 2149 732 2198 55.
759 2175 793 2185 —
819 2150 830 2186 ²
850 2148 1007 2200 WalaIridus
1025 2148 1117 2199 Ialsam
1136 2147 1179 2199 hle
1197 2150 1335 2214 opinionem

272 2235 333 2281 tunc
359 2231 481 2294 temporis
507 2231 638 2294 vigentem
664 2236 776 2296 repetere
803 2232 915 2294 videtur;
947 2249 1008 2284 nam
1034 2233 1155 2284 omnibus
1182 2239 1272 2284 notum
1297 2234 1336 2289 est,

273 2314 438 2379 doxologiam
457 2319 625 2366 memoratam
644 2315 752 2366 concilio
771 2319 861 2369 niceno
874 2318 954 2370 multo
967 2320 1119 2370 anteriorem
1132 2334 1195 2370 esse.
1231 2317 1336 2370 Clemens

273 2401 476 2451 Alexandrinus
493 2400 520 2462 (†
538 2413 559 2448 c.
578 2401 638 2463 lli)
661 2402 774 2466 primum
798 2408 877 2454 totam
900 2403 1065 2468 doxologiam
1088 2407 1112 2453 at
1130 2401 1238 2468 quidem
1256 2401 1337 2452 eadem

274 2485 324 2535 lere
346 2483 446 2543 forma,
475 2497 526 2547 qua
547 2482 625 2533 hodic
648 2486 756 2545 utimur,
781 2492 964 2539 comemmorat
986 2489 1013 2538 in
1036 2486 1126 2538 llbello
1148 2488 1210 2548 isto,
1235 2488 1278 2553 qui
1303 2486 1338 2535 in·

273 2568 404 2620 scribitur:
428 2565 469 2620 cl:
489 2565 675 2635 όσαιζιόμενας
697 2569 835 2632 erotema
855 2573 900 2624 ubi
919 2572 996 2624 habet
1015 2587 1054 2636 cp.
1071 2574 1104 2623 42
1123 2572 1149 2622 in
1162 2572 1227 2623 line:
1248 2562 1285 2641 ,ᾧ
1300 2568 1339 2621 tal

275 2647 376 2710 Παιδὸς
399 2647 478 2722 Ιησθῦ
498 2646 630 2719 Χριστοῦ,
653 2651 697 2706 καὶ
721 2653 813 2724 κυρίου
838 2655 944 2714 ζώντων
970 2653 1016 2707 καὶ
1038 2661 1152 2725 νεκρῶν,
1171 2653 1217 2707 καὶ
1237 2654 1279 2708 did
1296 2656 1338 2706 τοῦ

275 2735 350 2805 ἁγίου
370 2731 531 2812 Πνεόματας
557 2740 599 2811 εἰη
622 2738 698 2806 δόξα,
722 2741 801 2810 τιμὴ,
824 2735 936 2808 κράτος,
962 2735 1069 2796 αἰώνιός
1089 2738 1281 2811 μεγαλειότης,
1299 2737 1339 2791 καὶ
1445 2789 1446 2792 ,

275 2825 320 2874 νῦν
339 2822 385 2876 καὶ
404 2821 447 2878 ἀεὶ
464 2825 509 2877 καὶ
528 2823 567 2883 εἰς
586 2828 680 2895 γενεὰς
699 2830 815 2894 γενεῶν,
838 2822 883 2875 καὶ
902 2821 940 2881 εἰς
959 2821 1022 2881 τοὺς
1040 2822 1138 2881 αἰῶνας
1157 2831 1211 2876 τῶν
1232 2823 1339 2877 αἰώνων.

273 2901 377 2976 Αμήνέ(
423 2911 539 2963 Eandem
563 2913 614 2963 Iera
638 2912 746 2962 formam
769 2908 891 2960 exhibent
914 2907 1016 2977 Constit.
1035 2913 1116 2973 apost.
1134 2909 1151 2961 I.
1169 2909 1238 2972 VIII,
1256 2925 1275 2961 c.
1292 2907 1338 2961 XII.

275 2989 333 3054 ,ότι
352 3011 392 3047 σαι
411 2999 483 3048 πᾶσα
502 2993 578 3058 δόξα,
603 2995 681 3065 σέβας
704 2993 749 3046 καὶ
767 2990 940 3064 εὐχαριστία,
964 2993 1029 3062 τιμὴ
1047 2991 1092 3044 καὶ
1110 2995 1287 3063 πρασκόνησις
1305 2989 1341 3059 τῷ

274 3071 359 3148 Πατρὶ
382 3079 430 3132 καί
454 3086 493 3148 τῷ
510 3076 565 3149 Υἰῷ
587 3079 631 3132 καὶ
656 3084 696 3148 τῷ
717 3076 787 3147 ἁγίῳ
813 3073 962 3145 Πνεόματι,
986 3075 1032 3129 καὶ
1056 3075 1164 3129 abortui
1184 3075 1226 3129 ἀεὶ
1244 3076 1289 3129 καὶ
1305 3073 1339 3131 tlt

274 3160 337 3217 τοὺς
366 3163 537 3222 ἀνελλιπτεῖς
563 3164 608 3218 καὶ
635 3160 833 3231 ἀτελευτήτους
864 3160 962 3220 αἰῶνας
1000 3167 1054 3214 τῶν
1082 3158 1195 3215 αἰῶνων.
1240 3159 1339 3231 April!
1444 3205 1445 3210 ,

273 3245 384 3297 Basilius
402 3248 434 3299 de
453 3248 548 3314 Spiritu
572 3255 658 3300 sancto
681 3264 720 3314 cp.
740 3252 771 3300 tl
795 3249 870 3298 latius
894 3248 1019 3312 disputat,
1038 3251 1123 3298 utrum
1142 3248 1174 3298 sil
1192 3247 1340 3300 dicendum:

275 3329 330 3382 σὺν
350 3336 389 3400 τῷ
414 3328 549 3402 Πνιύματι
577 3351 609 3385 an
636 3331 669 3385 ἐν
696 3338 736 3402 τῷ
752 3328 896 3396 Πνεόματι.
940 3331 1099 3383 Fabulosum
1123 3347 1184 3383 sane
1206 3338 1255 3396 est,
1275 3330 1339 3398 quod

275 3422 359 3467 narrat
380 3416 537 3482 Philostorg.
558 3419 621 3470 illst.
646 3418 707 3470 eccl.
731 3416 748 3468 I.
766 3417 809 3478 ill,
828 3432 850 3469 c.
870 3419 908 3469 13.
938 3412 996 3478 ,ότι
1019 3414 1083 3484 φησὶ
1113 3415 1160 3468 τὸν
1183 3412 1340 3488 Αντιοχείαι

275 3496 434 3570 Φλαβιανόν,
456 3500 562 3568 πλῆθος
586 3509 713 3573 μοναχῶν
743 3500 935 3570 συναγείραντα
957 3505 1063 3570 πρῶτον
1090 3499 1247 3569 ἀναβοῆσαι·
1273 3496 1340 3558 Δόξα

277 3583 361 3656 Πατρί
383 3586 428 3639 καὶ
448 3582 503 3654 Υἰῷ
523 3585 568 3638 καί
592 3585 658 3656 ἁγίῳ
681 3582 824 3655 Πνεόματι.
860 3582 920 3637 Τῶν
944 3587 993 3654 γὰρ
1026 3584 1077 3656 πρὸ
1097 3583 1272 3650 αὐταῡ,τσὺς
1291 3583 1342 3654 μὲν,

275 3667 346 3731 Δόξα
370 3668 455 3743 Πατρί
481 3670 511 3723 δί
529 3669 594 3722 troc
620 3671 651 3723 όν
676 3670 743 3741 ἁγίῳ
770 3667 906 3740 Πνεὺματι
930 3670 1017 3740 λέγειν
1046 3668 1091 3721 καὶ
1117 3670 1217 3738 ταύτην
1243 3668 1342 3738 μᾶλλον

275 3757 324 3827 τὴν
343 3755 494 3827 ἐκφώνησιν
520 3755 703 3816 ἐπιπολάζειν·
727 3756 790 3812 τοὺς
813 3753 856 3820 δὲ,
884 3749 955 3814 Δόξα
974 3751 1060 3825 Πατρί
1085 3753 1111 3808 ἐν
1136 3750 1191 3824 Υἰῷ
1210 3754 1255 3806 ναὶ
1275 3751 1338 3823 ἁγίῳ
1443 3773 1444 3806 3

276 3836 436 3910 Πνεόματι.“
483 3842 532 3896 Cir.
551 3843 654 3903 Probst‚
681 3841 765 3900 Ferd..
792 3841 873 3893 Lehre
899 3841 954 3892 und
980 3841 1069 3893 Gebet.
1115 3841 1253 3905 Tiibingen
1274 3839 1333 3890 1871

240 3962 243 3967 ·
276 3924 301 3976 S.
321 3928 378 3978 319.
