2896 4828
709 372 920 431 -30-

284 558 349 600 esse
376 543 488 614 oratic,
519 545 549 600 et
569 557 628 601 aon
652 544 683 601 in
711 544 915 618 multiloquio,
945 544 1000 602 sed
1022 546 1052 602 in
1075 546 1221 619 puritate
1255 546 1382 606 cordis

283 649 315 702 ct
337 645 569 717 compunctione
584 645 787 703 lacrimarum
803 661 858 706 nos
877 647 1025 704 exaudiri
1038 647 1188 706 sciamus“
1200 647 1219 716 ¹,
1248 653 1290 706 et
1308 663 1379 707 non

283 744 313 802 in
338 746 474 804 clamosa
495 760 584 818 voce,
615 747 672 805 sed
699 746 729 805 in
760 746 895 806 lacrimis
924 752 955 806 et
983 747 1152 807 intentione
1175 748 1309 822 cordiS,
1346 757 1380 808 et

282 847 368 906 item:
403 848 659 922 ,consideremua
692 850 830 923 qualiter
862 851 906 908 tn¹
924 856 1092 925 conspectu
1123 851 1315 910 diuinitatis
1347 861 1379 910 et

282 953 459 1008 sanctorum
482 952 664 1024 onqelorum
687 951 768 1026 (nos)
792 967 855 1010 esse
873 957 1029 1026 oporteat,
1054 958 1085 1011 et
1103 955 1148 1011 stc
1170 958 1301 1012 stemus
1328 956 1377 1014 ad

277 1050 484 1125 psallendum,
506 1057 541 1109 ut
562 1066 646 1111 mens
668 1057 777 1112 nostru
800 1054 970 1112 concordet
992 1059 1062 1114 uoci
1084 1057 1273 1114 nostroe.“2
1319 1057 1375 1115 ln-

280 1152 464 1226 tellegamus
480 1166 555 1228 ergo
579 1151 627 1212 lris
643 1155 805 1230 exemplis,
827 1154 899 1230 quid
924 1154 1067 1216 dominus
1086 1156 1115 1214 in
1139 1158 1274 1232 templis
1296 1160 1374 1219 suis

280 1253 346 1313 lieri
372 1253 448 1313 velit
483 1255 533 1314 vel
561 1255 634 1330 quid
661 1255 840 1330 prohibeat;
875 1257 926 1331 qui
954 1264 984 1316 et
1010 1255 1090 1317 filios
1122 1257 1190 1317 Heli
1221 1268 1371 1334 propter

281 1357 401 1416 scelera
432 1355 514 1416 circa
539 1355 772 1416 tubernaculum
805 1359 972 1418 commissa
1003 1359 1124 1434 punivit
1151 1366 1182 1418 et
1213 1365 1365 1435 Annam,

281 1468 411 1521 matrem
439 1456 522 1517 beati
550 1456 734 1532 Samuhelis,
766 1461 795 1518 in
826 1467 946 1522 secreto
972 1462 1075 1522 cordis
1110 1469 1194 1522 motu
1223 1467 1363 1524 tantum

280 1562 430 1620 labiorum
455 1555 523 1617 sine
547 1561 677 1633 strepitu
692 1561 778 1620 vocis
798 1569 936 1622 orantem
960 1564 990 1621 in
1011 1562 1064 1622 lilii
1086 1565 1233 1639 petitione
1253 1582 1366 1627 exau·

281 1641 392 1736 divite
415 1663 580 1738 ipsumque
596 1659 803 1736 Samuhelem,
827 1663 899 1740 quia
921 1664 1053 1726 fideliter
1073 1666 1103 1724 in
1119 1668 1212 1726 domo
1230 1668 1365 1728 domini

281 1765 474 1835 ministravit,
496 1763 662 1838 reprobato
680 1779 754 1825 sene
772 1767 852 1826 male
874 1764 953 1843 piel,
977 1768 1006 1826 in
1023 1768 1217 1845 prophetam,
1241 1784 1364 1829 sacer-

281 1868 384 1927 dotem
407 1874 438 1928 et
461 1868 570 1928 ducem
594 1868 694 1942 elegit,
717 1868 756 1926 de
779 1870 867 1928 cuius
887 1876 984 1930 matre
1007 1871 1238 1931 modestissima
1263 1877 1298 1930 et
1324 1875 1359 1932 in

280 1971 419 2030 oratione
447 1972 595 2031 discenda
623 1979 671 2031 est
701 1972 846 2032 instantia
869 1969 993 2033 humilis
1023 1978 1149 2050 etpost
1172 1974 1355 2036 orationem

279 2073 511 2146 perseverantia
543 2074 697 2134 salutaris.
753 2074 877 2148 Legitur
910 2074 1065 2151 siquidem
1099 2077 1138 2136 de
1171 2078 1236 2148 illa,
1272 2079 1354 2152 quia

278 2178 376 2233 uultus
408 2177 490 2234 illius
523 2192 583 2235 nou
616 2182 689 2236 suot
721 2179 851 2251 amplius
884 2181 915 2236 tn
949 2179 1072 2237 diuerso
1102 2179 1236 2238 mutuet*
1293 2179 1353 2252 Qui

279 2277 359 2336 enim
384 2282 437 2336 aut
460 2277 489 2335 in
505 2279 643 2337 oratione
659 2279 742 2336 aliud
760 2294 853 2353 quam
874 2277 967 2338 debet
991 2279 1072 2354 petit,
1095 2285 1150 2338 aut
1171 2280 1232 2339 alio
1251 2282 1348 2340 modo

278 2395 371 2455 quarn
395 2379 544 2450 magister
566 2378 749 2440 humilitatis
779 2380 924 2454 insinuat,
954 2382 1150 2457 deprecatur,
1175 2381 1227 2441 vel
1251 2398 1346 2442 orare

278 2481 377 2541 nescit
405 2485 455 2540 vel
485 2481 585 2541 minus
615 2498 708 2558 quam
733 2484 833 2558 potuit
862 2482 991 2559 proficit.
1037 2484 1093 2558 Qui
1117 2498 1192 2544 vero
1216 2491 1342 2557 peracta

277 2582 416 2642 oratione
438 2584 490 2643 rel
518 2583 559 2641 ad
588 2583 699 2644 malam
732 2587 988 2645 consuetudinem
1011 2587 1064 2645 vel
1091 2586 1131 2644 ad
1161 2601 1244 2645 nova
1267 2586 1342 2646 laci-

276 2700 355 2745 nora
378 2683 443 2744 sine
472 2690 618 2760 respectu
641 2699 715 2744 mox
744 2687 872 2762 prosilit,
903 2688 1033 2748 fructum
1056 2687 1203 2749 arationis
1230 2687 1340 2762 perdit.

277 2787 352 2846 Nam
370 2787 496 2859 quidam
521 2787 550 2845 in
572 2789 712 2848 oratione
735 2795 844 2864 pectus
868 2791 982 2865 pugnis
1003 2791 1225 2864 pavimentant,
1247 2797 1340 2864 caput

276 2889 477 2960 contundunt,
508 2905 604 2949 voces
636 2890 776 2950 muliebri
812 2893 981 2964 gracilitate
1013 2892 1218 2968 summittunt,
1249 2896 1277 2951 et
1304 2893 1335 2950 in

276 2994 419 3069 proximo
435 2993 486 3051 vel
502 2992 606 3053 verbis
621 2994 673 3052 vel
691 2993 778 3052 lactis
794 2994 872 3052 alios
888 2990 1082 3064 conturbare,
1107 2999 1138 3054 et
1153 2995 1332 3068 semetipsos

276 3112 335 3154 non
360 3102 500 3156 metuunt
527 3096 700 3171 culpabiles
728 3094 886 3156 exhibere.
930 3095 968 3153 Hi
995 3095 1135 3154 nimirum
1164 3101 1270 3154 contra
1289 3095 1331 3153 iu-

276 3196 385 3270 dicem,
409 3214 501 3273 quem
517 3197 634 3258 orando
650 3197 815 3272 honorant,
832 3198 970 3258 moribus
986 3202 1133 3274 pugnant.
1166 3197 1210 3256 De
1224 3212 1328 3258 vocum

276 3302 380 3358 autem
415 3298 587 3360 differentia
615 3299 804 3373 dicendane,
838 3301 918 3360 illam
952 3315 1024 3358 esse
1051 3298 1163 3358 divinis
1195 3297 1328 3360 laudibus

243 3472 246 3476 ,
276 3405 388 3474 aptam,
423 3416 503 3474 quae
536 3402 794 3475 qualitercunque
828 3403 975 3475 sonuerit,
1008 3417 1048 3460 ex
1080 3400 1161 3460 bono
1190 3400 1328 3462 thesauro

992 3586 1006 3626 b

343 3598 356 3626 ²
373 3599 421 3660 M1,
444 3615 491 3650 nos
511 3616 567 3651 esse
584 3600 612 3653 L.
631 3599 659 3651 G.
676 3605 700 3651 et
723 3616 762 3662 oe,
780 3616 831 3653 om.
849 3616 905 3653 nos.
934 3629 965 3638 —
1024 3617 1062 3664 oe,
1080 3616 1131 3652 om.
1149 3601 1216 3652 male
1233 3602 1278 3666 pio.
1300 3630 1326 3640 -

275 3684 285 3712 ⁰
304 3685 350 3748 M1,
369 3685 518 3738 dicentium.

345 3837 459 3892 ¹Matth.
478 3837 521 3901 Vl,
540 3840 563 3890 7.
586 3867 619 3876 -
645 3842 655 3876 ²
673 3838 771 3903 Regula
795 3855 814 3892 s.
832 3838 926 3891 Bened.
946 3854 984 3904 cp.
1006 3841 1044 3891 19.
1062 3866 1095 3875 -
1115 3843 1126 3878 ³
1143 3825 1191 3889 Cir.
1211 3838 1220 3886 l
1237 3839 1291 3903 Reg.
1308 3838 1327 3901 l,

276 3923 372 3988 10sqq.
390 3952 423 3960 —
443 3928 454 3962 ⁴
472 3923 481 3972 l
499 3923 561 3990 Reg.
580 3923 597 3986 l,
618 3925 656 3976 18.
