2896 4828
549 387 760 445 ..31-

70 555 222 616 cordis
253 558 402 633 proiecta,
432 551 572 616 internae
600 556 760 616 intentioni
784 558 961 618 concordat.
1005 557 1082 617 Nam
1106 560 1187 620 etin

69 658 201 719 bono
229 659 341 733 legitur
361 675 425 718 vox
454 658 635 731 alta,·dum
665 658 774 718 dicitur
800 659 830 716 in
860 658 1054 719 dedicatione
1082 661 1188 737 templi

79 761 307 834 Salomonis,
330 778 392 822 vox
409 763 608 822 sacerdotum
625 766 656 820 et
677 761 839 821 levitarum
864 761 894 820 in
911 762 994 821 tubis
1011 769 1040 822 et
1062 761 1188 840 hymnis

83 863 358 922 exclamantium
382 864 507 938 longius
530 862 685 934 sonuisse,
709 868 739 921 et
762 862 861 921 sancti
881 869 1035 938 martyres
1051 863 1109 922 sub
1133 879 1188 924 ara

87 963 169 1021 Dei
195 980 277 1024 voce
293 981 407 1040 magna
423 967 578 1025 clamasse
603 965 772 1038 leguntur.¹
808 962 868 1023 Ubi
892 965 1034 1040 quamvis
1049 965 1186 1042 intellegi

78 1066 225 1141 'possit
257 1067 337 1126 sicut
369 1073 399 1124 et
430 1066 460 1124 in
492 1066 558 1124 aliis
586 1065 692 1125 multis
718 1064 803 1136 locis,
833 1066 916 1124 illam
945 1080 1016 1125 esse
1042 1081 1186 1142 magnam

88 1185 236 1242 vocem,
259 1184 349 1244 quae,
370 1169 516 1244 quamvis
533 1169 572 1228 sit
594 1184 672 1228 sono
695 1167 830 1242 humilis,
853 1184 892 1227 ex
915 1169 1001 1244 bona
1023 1169 1186 1228 devotione

92 1271 267 1345 procedit,
298 1272 380 1330 sicut
406 1271 445 1329 ad
475 1270 608 1344 Moysen
639 1269 712 1329 dicit
739 1271 839 1330 Deus:
874 1272 972 1347 „qum
997 1274 1117 1330 clamos
1147 1273 1190 1329 ad

96 1372 223 1432 me“²?
248 1387 318 1430 cum
335 1387 394 1430 non
417 1373 538 1445 legatur
560 1371 602 1431 ibi
617 1371 732 1448 aliquid
756 1373 921 1444 clamasse,
944 1379 1048 1432 tamen
1072 1371 1186 1431 bonum

39 1487 41 1490 ·
101 1481 161 1534 est
187 1480 221 1532 et
244 1475 326 1533 omni
349 1475 461 1549 quietil
483 1475 734 1551 praeterendum,
765 1475 797 1534 in
827 1472 940 1535 laudeb
962 1475 1018 1534 Dei
1042 1475 1188 1534 decenter

103 1582 140 1636 et
165 1572 351 1652 simpliciter
377 1576 531 1637 laborare.
578 1577 716 1652 Cumque
746 1593 836 1637 omne
867 1593 966 1652 genus
997 1576 1185 1636 laudationis

103 1675 238 1738 divinae
263 1678 433 1738 secundum
458 1679 612 1739 rationem
636 1677 792 1739 exhibitae
816 1679 854 1739 sit
879 1679 1079 1748 laudandum,
1110 1678 1184 1737 illud

53 1829 57 1836 .
104 1779 307 1857 probabilius
331 1785 380 1840 est
401 1780 576 1853 dicendum,
606 1781 691 1856 quod
718 1779 863 1842 habuerit
890 1781 1038 1841 vanitatis
1062 1786 1093 1839 et
1119 1780 1184 1840 iec-

103 1884 231 1942 tantiae
247 1882 414 1940 minimum.
440 1884 522 1957 Lege
539 1882 634 1942 libros
651 1885 884 1943 confessionum
901 1883 1001 1942 sancti
1018 1882 1183 1955 Augustini

109 1991 141 2042 et
166 1984 318 2054 invenies,
348 1993 498 2060 quantum
527 1985 578 2043 ille
602 1985 785 2045 iudicaverit
808 2001 880 2044 esse
903 1984 1031 2061 periculi
1058 1983 1087 2040 in
1111 1997 1184 2042 can-

110 2085 280 2142 tilenarum
303 2084 451 2143 melodiac
474 2085 645 2144 dulcedine.
670 2165 673 2172 ι

607 2443 692 2512 XIH.

217 2607 345 2692 Quibus
364 2611 483 2702 prosit
508 2611 641 2680 dictitas
667 2611 776 2681 cultor
802 2615 836 2679 et
860 2610 977 2702 quibua·
1003 2634 1078 2682 non.

180 2809 343 2873 Sciendum
379 2827 468 2884 sanc,
502 2812 545 2871 ita
578 2811 703 2872 demum
734 2814 919 2887 templorum
949 2820 981 2873 et
1011 2815 1180 2877 ciliciorum

122 2927 278 2972 sacrorum
299 2913 364 2973 Deo
394 2915 611 2974 universorum
641 2914 772 2974 creatori
802 2916 904 2976 cultus
930 2930 1001 2974 esse
1025 2923 1180 2992 acceptos,

122 3013 146 3074 si
171 3013 326 3073 hominum
360 3023 493 3092 pectora,
526 3032 657 3093 quorum
687 3012 803 3076 causad
835 3016 915 3076 haec
949 3017 1009 3077 sibi
1040 3017 1179 3077 exhiberi

122 3116 263 3194 permittit
290 3117 341 3177 vel
367 3112 463 3190 iubet,
491 3118 591 3192 ipsius
618 3117 841 3180 inhabitatione
868 3118 978 3178 luerint
1000 3119 1104 3194 digna.
1147 3120 1179 3178 In

122 3235 228 3278 vanum
252 3220 333 3281 enim
356 3221 439 3295 ligna
462 3228 492 3281 et
514 3221 635 3298 lapides
658 3223 784 3295 poliunt,
809 3223 861 3297 qui
886 3237 988 3282 mores
1011 3238 1071 3281 non
1095 3239 1179 3283 com-

124 3327 238 3396 ponunt.
283 3322 411 3383 Frustra
427 3325 508 3385 dona
524 3331 555 3384 et
578 3325 727 3401 pecunias
750 3328 951 3401 comportant
975 3324 1027 3399 qui
1049 3325 1176 3385 interius

126 3423 235 3484 divinae
259 3425 439 3486 subtilitatis
464 3428 587 3486 oculum
613 3443 674 3486 non
701 3427 832 3501 placant.
877 3425 954 3486 Nam
978 3427 1051 3501 quia
1073 3427 1178 3486 ludaei

128 3527 273 3586 Dominum
307 3528 436 3589 interius
471 3543 531 3586 non
567 3529 741 3597 audierunt,
779 3527 932 3588 exteriora
964 3543 1069 3587 eorum
1104 3543 1178 3586 con-

184 3691 244 3758 ⁸hl‚
263 3696 358 3760 quiete;
376 3712 410 3760 m,
424 3697 518 3761 quieto.
537 3723 570 3732 -
589 3682 601 3719 h
620 3711 657 3757 oe,
676 3695 785 3747 laudem.
804 3723 838 3732 —
855 3693 866 3721 ⁶
884 3711 922 3758 oe,
940 3710 999 3745 cum
1014 3693 1131 3744 melodia.
1145 3721 1178 3729 -

126 3765 185 3835 doe,
202 3779 232 3831 ob
250 3793 362 3831 oausam.

1126 3885 1173 3892 -ι

187 3935 290 3998 ¹Apoo.
308 3933 351 3997 vl,
371 3937 410 3986 10.
428 3964 462 3972 -
482 3936 493 3970 ²
510 3936 590 3988 Enod.
607 3935 675 3999 XIV,
695 3939 734 3990 15.
