2956 4766
651 362 861 421 *50-

224 541 255 594 et
282 531 392 591 cotidie
419 529 587 608 petendum
620 537 651 590 et
682 531 794 591 cotidie
822 531 860 590 ab
891 531 959 609 illis,
989 531 1103 608 quibus
1132 529 1287 606 competit,

224 633 415 694 offerendum
439 640 469 692 et
491 633 713 708 accipiendum.
748 632 825 707 Quia
848 649 922 694 vero
947 632 1144 705 Melchiades,
1161 633 1289 692 XXXIII

224 736 331 796 ordine
347 736 486 794 Romaea
510 735 721 810 praesulatum
740 750 847 810 agenS,
872 736 986 806 statuit,
1010 742 1044 796 ut
1066 736 1149 794 nulla
1170 735 1288 794 ratione

223 839 377 900 domtnico
401 844 455 896 aut
470 838 498 895 V
521 837 596 896 feria
619 837 763 896 ieiunium
788 838 857 912 quis
880 835 1016 896 fidelium
1038 845 1152 910 ageret,
1177 836 1288 912 pagani

222 942 303 1001 enim
326 937 394 999 hisb
416 939 525 998 diebus
547 940 637 1014 quasi
660 939 773 999 Ieiunia
795 938 1029 1014 frequentabant
1040 941 1058 1010 ¹,
1081 941 1152 998 ideo
1176 939 1288 1000 beatus

222 1042 387 1117 Gregorius
412 1041 608 1117 supradictus
636 1041 665 1099 in
690 1023 893 1117 dispositione
916 1041 1086 1102 officiorum
1109 1043 1181 1100 anni
1209 1042 1288 1100 infra

221 1145 492 1221 quadragesimam
511 1144 539 1201 V
563 1143 669 1202 feriam
685 1148 848 1203 vacantem
866 1143 990 1212 dimisit,
1016 1150 1049 1201 ut
1065 1144 1139 1218 quia
1161 1143 1287 1202 festiva⁰

221 1255 289 1308 erat
315 1248 412 1308 veluti
439 1246 594 1305 dominica
620 1246 712 1305 etiam
736 1246 835 1305 officio
867 1246 927 1304 diei
956 1245 1127 1305 dominicae
1155 1245 1288 1304 celebris

220 1351 396 1410 haberetur.
449 1348 534 1421 Quae
564 1348 593 1402 V
628 1347 703 1408 feria
736 1345 852 1423 quaml
885 1349 1082 1423 postmodum
1116 1349 1220 1426 coepit
1253 1354 1288 1406 ut

221 1459 363 1513 caeterae
398 1449 520 1509 ieiuniis
552 1451 701 1524 applicari
733 1450 897 1524 Gregorius
931 1451 1031 1510 iunior
1064 1451 1184 1519 statuit,
1216 1465 1286 1508 eam

221 1556 325 1614 missis
355 1559 386 1612 et
409 1552 602 1612 orationibus
631 1567 703 1611 esse
733 1554 901 1611 solemnem
932 1557 962 1610 et
989 1552 1194 1626 undecunque
1222 1555 1287 1611 col-

220 1658 319 1731 ligens
354 1654 493 1715 ciusdem
532 1655 591 1713 diei
630 1654 845 1729 augmentavit
881 1654 1009 1714 officia²
1064 1655 1139 1714 Cum
1177 1653 1287 1727 igitur0

220 1757 352 1817 Hebraei
376 1757 516 1815 carnales
535 1771 610 1816 suas
627 1757 801 1816 oblationes
818 1757 929 1816 cotidie
946 1773 983 1816 ex
1008 1758 1146 1816 iussione
1162 1755 1286 1816 Domini

220 1861 395 1920 celebrasse
418 1861 570 1931 legantur,
593 1856 773 1934 quare‘non
799 1857 956 1918 christiani
977 1859 1097 1918 hostias
1120 1873 1197 1918 suas
1220 1857 1286 1932 spi-

219 1963 324 2021 ritales
359 1960 470 2020 cotidie
500 1959 634 2020 offerant
666 1969 698 2022 et
729 1961 760 2019 in
792 1956 1033 2020 munimentums
1064 1977 1141 2020 suae
1174 1963 1286 2021 salutis

218 2064 430 2138 frequentent?
474 2064 619 2136 Legimus
644 2064 753 2122 etenim
779 2065 871 2123 heato
894 2064 1052 2138 Gregorio,
1077 2063 1165 2122 cuius
1190 2080 1285 2138 supra

218 2167 347 2226 fecimus
376 2166 568 2235 mentionem,
596 2171 740 2237 testante,
771 2165 911 2226 Cassium
942 2166 1138 2225 narniensem
1161 2167 1284 2239 episco-

219 2269 313 2344 pum³
340 2274 412 2343 post
434 2267 660 2327 ordinationem
684 2283 772 2327 suam
798 2269 882 2328 omni
910 2269 959 2326 die
987 2283 1097 2327 sacrae
1120 2267 1283 2328 oblationis

285 2451 298 2478 ⁸
315 2451 349 2512 M,
367 2467 480 2501 romano.
498 2479 532 2487 —
552 2439 564 2477 b
584 2451 615 2512 M,
633 2450 721 2502 inhia
738 2480 773 2488 —
791 2451 802 2477 ⁰
820 2451 853 2514 M,
871 2453 999 2501 festivitas.
1020 2481 1050 2488 —
1069 2437 1083 2478 d

219 2566 248 2573 —
268 2535 279 2562 e
298 2552 336 2598 oe,
354 2550 423 2599 ergo.
442 2565 473 2573 —
492 2521 504 2560 f
520 2533 583 2596 mlh,
603 2536 800 2595 monimentum;
818 2551 838 2597 c,
858 2542 1061 2588 monumentum.

1101 2467 1139 2514 oe,
1152 2453 1284 2516 quoniam.

773 2642 893 2646 ----—--
953 2644 972 2647 -
1035 2644 1054 2647 n
1099 2643 1282 2650 --...—-—.—

288 2693 295 2725 ¹
316 2687 457 2748 „Miltiades
474 2685 630 2754 (311-314)
648 2688 777 2736 constituit
794 2687 865 2737 nulla
877 2690 973 2740 ratione
989 2690 1118 2740 dominico
1135 2695 1177 2740 aut
1195 2692 1285 2754 quinta

215 2775 278 2825 feria
295 2773 420 2822 ieiunium
434 2773 492 2836 quis
504 2772 535 2821 de
547 2770 667 2823 fidelibus
684 2786 768 2836 agere,
786 2774 847 2837 quia
863 2789 906 2824 eos
924 2774 978 2824 dies
990 2777 1084 2839 pagani
1095 2775 1169 2840 quasi
1181 2789 1281 2824 sacrum

215 2859 340 2908 ieiunium
358 2856 539 2908 celebrabant.“
576 2857 628 2906 Iam
647 2856 776 2908 Doctrina
789 2859 968 2924 apostolorum
986 2865 1119 2923 praecepta
1136 2859 1285 2923 promulgat

216 2943 247 2993 de
267 2941 406 2992 ieiunando
428 2943 502 2992 certis
524 2942 623 3005 diebus,
651 2941 713 2992 dicit
734 2944 803 2992 enim
822 2957 859 3006 cp.
881 2942 941 2993 Vlll.
979 2943 1090 3004 „leiunia
1112 2923 1174 2994 uero
1198 2950 1283 2995 vestra

216 3042 247 3076 ne
265 3027 327 3075 fiant
343 3041 401 3077 cum
419 3024 571 3093 hypocritis;
591 3027 704 3077 ieiunant
715 3028 784 3077 eninr
797 3027 909 3077 secunda
926 3032 982 3092 post
994 3028 1127 3080 sabbatum
1146 3034 1170 3078 et
1181 3029 1283 3094 quinta;

215 3116 363 3161 vosautem
382 3111 492 3160 iciunate
510 3115 600 3175 quarta
617 3116 640 3162 et
658 3117 750 3163 sexta.“
787 3112 904 3176 Paganos
922 3119 1006 3164 autem
1020 3115 1094 3164 certis
1110 3113 1200 3164 diebus
1217 3113 1282 3165 heb-

214 3195 331 3246 domadis
348 3197 476 3245 ieiunasse
494 3194 559 3244 nihil
576 3197 695 3246 traditum
713 3203 757 3258 est,
777 3199 826 3247 nisi
844 3198 949 3248 fortasse
965 3203 1035 3262 putat
1053 3198 1223 3249 Manichaeos.
1246 3227 1281 3238 -

216 3282 227 3316 ²
244 3279 299 3330 Lib.
318 3280 407 3344 pontif.
425 3279 442 3342 l,
460 3295 484 3344 p.
497 3282 546 3332 402
566 3282 640 3331 refert
657 3282 688 3332 de
701 3281 835 3345 Gregorio:
858 3283 921 3342 „Hic
936 3282 1150 3348 quadragesimali
1167 3289 1282 3348 tempore

213 3368 241 3413 ut
258 3366 360 3429 quintas
382 3365 456 3414 ferias
479 3363 614 3432 (ieiunium
634 3372 709 3431 atque
728 3367 747 3415 ll
765 3366 829 3433 red.)
853 3369 988 3418 missarum
1011 3367 1142 3419 celebritas
1163 3367 1232 3416 fieret
1252 3368 1280 3418 in

212 3447 332 3498 ecclesias
354 3448 423 3512 quod
445 3463 496 3498 non
518 3450 648 3513 agebatur,
671 3453 804 3501 institnit.“
823 3481 855 3488 -
875 3457 886 3491 ³
902 3452 1114 3519 Martyrologium
1133 3452 1280 3502 Romanurn

211 3533 252 3584 ed.
279 3533 370 3584 Ratisb
391 3535 464 3596 1874,
489 3549 513 3598 p.
535 3536 590 3596 123,
617 3535 649 3585 ad
676 3538 716 3588 29.
734 3536 793 3588 Jun.
820 3537 880 3587 dicit
906 3538 937 3588 de
964 3538 1013 3587 hoo
1039 3536 1134 3601 Cassio,
1160 3538 1280 3602 episcopo

212 3617 359 3668 536-558:
389 3617 516 3677 „Narniae
542 3621 621 3670 sancti
643 3617 724 3670 Cassii
750 3622 864 3672 eiusdem
890 3623 997 3672 civitatis
1023 3624 1143 3686 episcopi,
1169 3623 1201 3672 de
1228 3637 1279 3688 quo

211 3706 314 3751 sanctus
333 3699 471 3766 Gregorius
489 3703 570 3766 refert,
593 3705 663 3770 quod
687 3703 775 3755 nullus
796 3721 861 3770 pene
878 3706 932 3757 dies
951 3708 1017 3756 vitae
1041 3708 1096 3758 eius
1119 3707 1280 3771 abscedebat,

211 3800 262 3850 quo
281 3787 448 3849 omnipotenti
465 3787 518 3838 Deo
538 3786 632 3838 hostias
650 3788 801 3853 placationis
818 3806 870 3841 non
886 3790 994 3855 offerret,
1012 3793 1053 3842 cui
1071 3797 1094 3842 et
1110 3793 1280 3845 concordabat

212 3871 271 3931 vita,
289 3871 349 3934 quia
366 3877 456 3922 cuncta
475 3887 540 3936 quae
558 3871 668 3924 habebat
690 3876 716 3925 in
740 3875 900 3926 eleemosinis
918 3877 1040 3938 tribuens,
1063 3879 1089 3927 in
1113 3876 1177 3928 hora
1199 3880 1278 3929 sacri-
