2956 4766
566 379 779 438 ‚59-

144 551 208 610 Sica
235 549 328 611 ctiam
358 565 441 608 nunc
471 549 573 608 solent
596 548 775 608 sacerdotes
805 547 833 606 in
859 547 1113 608 conclusionibus
1135 562 1206 605 noc-

142 658 248 710 turnae
282 652 333 711 vel
352 645 502 712 ¹diurnae
539 665 701 725 synaxeos
738 649 897 710 orationes
933 648 1056 720 breves,
1094 648 1123 707 id
1158 656 1207 708 est

141 753 283 813 collectas
312 751 514 826 subiungere:
544 757 617 811 sunt
645 750 722 810 enim
747 747 845 809 aliael
874 751 962 814 tales,
991 756 1109 810 utnon
1134 749 1206 810 alibi

139 869 228 928 quam
246 855 328 916 circa
350 853 493 914 sacrificii
514 853 751 914 celebrationem
768 852 830 912 sint
853 847 1014 924 dicendae,
1038 857 1111 912 sunt
1133 868 1206 911 vero

139 954 226 1027 aliae,
252 958 365 1031 quibus
389 965 420 1015 et
442 957 471 1015 in
489 954 588 1016 cilicio
605 955 720 1014 missae
737 961 768 1012 et
791 968 853 1012 non
870 955 970 1014 minus
993 954 1022 1012 in
1046 956 1113 1016 aliis
1130 955 1206 1014 locis

138 1062 166 1116 et
180 1059 389 1136 temporibus⁰
412 1072 582 1133 possumus
602 1059 655 1117 uti.
693 1057 859 1116 Crescente
876 1063 989 1126 autem,
1014 1056 1094 1117 sicut
1117 1074 1207 1132 prae-

138 1159 283 1232 diximus,
305 1160 463 1235 religionis
489 1160 573 1218 cultu
596 1157 730 1228 divinae,
760 1157 920 1218 crescebat
942 1159 1034 1219 etiam
1058 1161 1205 1235 paulatim

137 1262 311 1324 orationum
335 1268 367 1322 et
388 1262 558 1322 officiorum
587 1261 738 1320 ccclesiae
767 1259 950 1336 oonrpositio
983 1262 1087 1322 multis
1115 1267 1207 1320 etex

136 1381 257 1426 summa
281 1365 470 1426 scientia'ct
492 1380 531 1422 ex
554 1362 705 1422 mediocri
736 1368 828 1421 etex
859 1363 986 1449 minima
1009 1363 1205 1433 addentibus,

135 1482 213 1540 quae
237 1482 378 1542 congrua
400 1466 495 1526 rebus
524 1464 716 1542 explicandis
740 1464 935 1526 videbantur.
979 1464 1116 1540 Ideoque
1139 1479 1206 1524 cre-

135 1567 236 1630 dimus
268 1565 427 1629 conciliisl
456 1566 686 1641 carthaginensi
708 1571 739 1624 et
761 1567 937 1626 milevitano
965 1569 1144 1638 statutum¹,
1173 1572 1207 1628 ut

133 1686 243 1745 preces
269 1678 299 1730 et
324 1672 518 1730 orationesa
542 1668 733 1745 quibuslibet
748 1670 950 1746 compositae,
974 1669 1033 1728 nisi
1055 1669 1205 1746 probatae

135 1771 267 1834 tuissent
291 1774 319 1831 in
345 1775 483 1845 concilio,
508 1789 569 1832 non
593 1771 782 1846 dicerentur3
813 1788 885 1830 nam
908 1776 939 1829 et
961 1772 1103 1833 Gelasius
1119 1788 1206 1846 papa

134 1872 162 1930 in
185 1873 295 1934 ordine
318 1874 377 1934 Ll2
399 1881 481 1932 tame
504 1889 523 1932 a
546 1888 580 1931 se
605 1888 698 1947 quam
722 1871 760 1930 ab
790 1874 857 1931 aliis
880 1873 1072 1948 compositas
1094 1889 1205 1948 preces

134 1974 244 2036 dicitur
276 1976 440 2036 ordinasse
471 1984 501 2034 et
534 1973 703 2032 Galliarum
732 1975 884 2034 ecclesiae
916 1975 981 2034 suis
1014 1975 1203 2034 orationibus

132 2077 308 2149 utebantur,
333 2092 413 2152 quae
430 2070 477 2137 etf
500 2074 603 2134 adhuc
625 2089 644 2132 a
665 2075 768 2134 multis
791 2075 955 2136 habentur.
993 2075 1030 2134 Et
1052 2077 1202 2151 quietam

130 2179 257 2240 incertis
288 2179 466 2240 auctoribus
502 2178 598 2236 multa
633 2176 819 2237 videbantur
852 2179 994 2238 incerta&
1027 2184 1058 2236 et
1090 2193 1203 2238 sensus

129 2281 341 2356 integritatem
366 2298 426 2342 non
451 2275 607 2349 habentia,
632 2279 754 2338 curarit
781 2280 892 2340 beatus
917 2279 1085 2353 Gregorius
1107 2279 1204 2338 ratio-

129 2384 249 2444 nabilia
272 2398 415 2459 quaeque
439 2382 620 2444 coadunare
644 2387 674 2440 et
698 2383 828 2442 seclusis
851 2381 908 2454 bis,
934 2397 1017 2456 quae
1039 2381 1088 2440 vel
1110 2381 1204 2442 nimia

196 2583 209 2609 ²
230 2599 271 2646 oe,
298 2585 371 2636 sicut.
388 2611 421 2620 -
441 2567 454 2608 b
472 2599 509 2646 oe,
537 2599 588 2635 om.
615 2583 688 2635 aliae.
706 2582 768 2622 -0
792 2598 829 2646 oe,
856 2597 907 2633 om.
933 2587 957 2632 et
982 2582 1149 2646 temporibus.
1173 2611 1203 2620 —

131 2653 193 2732 dM,
212 2666 333 2718 concilio.
352 2696 385 2704 -
404 2666 416 2693 θ
434 2684 472 2730 oe,
495 2667 608 2720 italam.
627 2653 748 2730 —fml‚
767 2684 818 2720 orn.
837 2671 920 2718 et.-
939 2665 954 2706 3
972 2683 1010 2726 oe,
1029 2667 1089 2719 hab.
1107 2672 1134 2717 ut
1151 2682 1205 2718 var.

133 2753 237 2804 inserta.

203 2911 211 2944 ¹
235 2905 281 2966 „Et
298 2907 444 2971 quicunque
464 2905 513 2956 sibi
531 2921 619 2970 preces
640 2905 745 2956 aliunde
763 2905 889 2963 describit,
912 2920 964 2955 non
982 2907 1018 2956 eis
1042 2910 1133 2966 ulatur,
1157 2905 1207 2954 nisi

132 2993 202 3054 prius
221 3006 267 3042 eas
279 3007 338 3041 curn
357 2992 521 3042 instructione
539 2991 657 3042 iratribus
676 2989 838 3050 contulerit“;
857 3004 912 3040 can.
925 2989 990 3050 XXI,
1008 2996 1033 3039 at
1051 3004 1102 3038 non
1118 3004 1206 3038 acon-

132 3073 189 3125 cilio
208 3074 401 3140 carthaginensi
424 3076 581 3138 constitutus,
605 3079 632 3125 ut
650 3075 713 3125 laiso
732 3075 821 3124 asserit
838 3073 1004 3136 Walairidus,
1029 3073 1075 3124 scd
1093 3074 1125 3124 ab
1147 3072 1206 3138 hip-

133 3160 242 3222 ponensi
265 3175 333 3209 anno
352 3162 400 3211 393
425 3160 562 3220 celebrato;
587 3158 740 3222 Carthagine
763 3163 848 3208 autem
871 3173 938 3208 auno
956 3159 1005 3210 397
1028 3159 1147 3223 repetitus
1170 3162 1207 3208 est

132 3247 241 3294 tanturn.
261 3243 310 3296 Cir.
320 3244 417 3306 Helela
426 3243 644 3308 Conciliengesch.
655 3243 735 3294 ILBd.
747 3245 761 3294 2
771 3244 804 3293 A.
818 3258 843 3307 p.
853 3247 894 3304 54,
904 3247 944 3295 57.
964 3241 1082 3294 Secunda
1091 3243 1206 3310 synodus

133 3327 175 3380 hic
192 3329 365 3380 aWaialrido
377 3336 577 3380 commemorata
589 3327 628 3378 xl.
650 3327 852 3392 carthaginensis
870 3332 907 3379 est
924 3344 992 3379 anno
1006 3331 1055 3381 lot
1074 3327 1207 3388 celebrata,

134 3429 199 3480 quae
221 3416 350 3465 constituit
368 3430 422 3465 can.
444 3413 488 3464 IX:
518 3413 634 3474 „Placuit
657 3415 732 3464 eliam
754 3412 811 3475 hoc,
838 3417 865 3463 ut
888 3430 976 3478 preces
999 3430 1064 3481 quae
1087 3414 1206 3478 probatae

135 3499 227 3550 luerint
248 3501 275 3550 in
302 3498 409 3550 concilio
433 3500 488 3550 sive
515 3499 682 3563 praelationes
706 3499 759 3548 sive
785 3499 1019 3550 commendationes
1043 3514 1089 3549 seu
1113 3513 1206 3547 manus
1299 3521 1301 3527 ·

134 3584 310 3649 impositiones
328 3584 360 3635 ab
374 3583 493 3635 omnibus
511 3583 676 3645 celebrentur,
694 3599 741 3634 nec
752 3583 817 3634 aliae
829 3585 934 3636 omnino
947 3591 1033 3636 contra
1045 3583 1121 3634 iidem
1136 3598 1206 3646 prae·

135 3670 260 3730 terantur;
284 3669 329 3720 sed
346 3683 514 3733 quaecunque
537 3684 552 3717 a
572 3667 780 3732 prudentioribus
798 3670 891 3721 luerint
914 3669 1042 3730 collectae,
1065 3668 1204 3718 dicantur.“

136 3751 185 3804 Clr.
196 3754 284 3805 Helela
293 3754 309 3805 l.
319 3769 339 3804 c.
348 3770 373 3819 p.
386 3756 441 3805 101.
459 3781 483 3790 -
496 3756 506 3790 ²
516 3753 589 3804 Recte
598 3751 700 3814 XLIX⁸‚
713 3754 887 3817 pontificatum
898 3756 977 3819 gessit
988 3769 1048 3804 ann.
1058 3753 1192 3804 tar-496
1199 3769 1205 3813 ;

138 3838 210 3898 „iecit
227 3839 302 3890 etiam
322 3844 346 3889 et
363 3845 578 3890 sacramentorum
597 3839 765 3902 praefationes
783 3844 807 3890 et
819 3839 947 3889 orationes
962 3841 1036 3888 cauto
1049 3853 1166 3888 sermone
1183 3842 1207 3888 et

136 3923 257 3986 epistulas
275 3924 336 3974 fidei
352 3924 474 3975 delimato
493 3938 610 3974 sermone
629 3923 746 3972 multas.“
783 3923 837 3974 Lib.
856 3923 945 3988 pontis.
964 3921 1046 3973 Duch.
1063 3921 1082 3982 l,
1100 3925 1158 3974 255.
