2956 4766
688 301 895 364 ..96-

258 470 399 530 solitam²
420 471 597 546 inguinaria
620 467 707 530 luesb
733 471 832 548 primo
854 469 978 545 Pelagio
1001 483 1084 546 papa
1105 469 1226 527 extincto
1248 483 1295 540 po.

256 574 361 647 pulum
393 579 532 632 vastaret
562 587 741 644 romanum;
774 573 843 648 quie
872 577 947 634 tunc
974 587 1011 632 eo
1043 571 1133 630 modo
1160 574 1296 644 septenam

256 674 410 735 ordinavit
431 676 605 744 laetaniam,
630 676 710 734 sicut
725 672 840 734 Paulus
864 675 894 734 in
917 676 1013 750 gestis
1028 666 1303 746 [adprobandommd

257 784 492 851 commemorat,
523 783 556 835 ut
588 781 771 851 precaturos
800 776 966 836 Dominum
996 778 1027 836 in
1058 781 1172 850 septem
1199 779 1307 832 turmas

256 877 464 948 distribueret,
488 893 550 954 quo
577 877 722 953 pietatem
746 879 863 938 domini
890 880 1089 954 multiplicius
1113 877 1307 949 implorarent

257 980 313 1054 „In
331 983 435 1057 primo
453 981 550 1041 choro
568 983 635 1056 suit
649 982 763 1053 clercs,
787 984 818 1040 in
840 982 976 1041 secondo
992 997 1096 1042 omncs
1114 979 1304 1038 obdurescere

255 1077 415 1144 monacbis
443 1086 518 1160 suis,
548 1087 580 1144 in
610 1086 701 1144 tertio
725 1099 829 1143 omnes
859 1084 1035 1144 abbatissae
1059 1101 1127 1144 cum
1148 1091 1299 1153 concrepu-

255 1187 386 1248 tc'onibus
407 1190 480 1259 suis,
504 1188 536 1245 in
557 1191 670 1262 quarto
687 1201 789 1246 omncs
806 1189 910 1263 pueri,
933 1189 964 1246 r'n
988 1190 1094 1262 quinto
1113 1197 1206 1244 omnes
1226 1178 1299 1248 lutei,

255 1291 285 1348 in
307 1296 397 1349 sexto
420 1305 523 1350 ornnes
553 1289 678 1364 uiduae,
711 1292 741 1347 in
763 1292 892 1364 septimo
916 1307 1018 1351 omncs
1045 1291 1188 1349 mulieres
1212 1282 1304 1341 conin-

253 1390 393 1464 patcc.“¹
431 1389 607 1450 Triduanae
629 1396 734 1450 autem
759 1391 919 1460 laetaniae,
942 1406 1024 1466 quae
1046 1388 1193 1466 proximis
1207 1382 1305 1442 diebus

255 1500 326 1550 ante
351 1493 567 1552 ascensionem
592 1491 712 1552 Domini
739 1507 843 1551 annue
872 1507 926 1567 per
950 1507 1060 1551 omnes
1083 1492 1239 1552 Galliarum
1260 1481 1303 1538 rel

255 1593 437 1652 Germaniae
461 1594 609 1654 ecclesias
627 1593 830 1666 celebrantur,
853 1596 882 1653 in
901 1593 1006 1654 Galliis
1029 1602 1105 1652 sunt
1127 1588 1299 1652 constitutae.

254 1694 458 1768 Temporibus
475 1697 629 1771 siquidem
645 1696 825 1768 chlodovei,
849 1697 933 1770 regis
956 1697 1152 1767 Francorum,
1172 1691 1218 1768 qui
1238 1700 1298 1744 cum

254 1805 344 1872 gente
378 1813 435 1859 sua
469 1800 588 1872 primus
622 1797 811 1858 christianus
846 1798 976 1860 effectus
1007 1805 1069 1868 est,
1106 1801 1173 1858 dum
1204 1787 1300 1849 emitas

255 1898 477 1959 Viennensium
505 1899 615 1960 crebro
641 1909 739 1961 terrae
768 1907 851 1961 motu
876 1901 1077 1960 subrueretur
1100 1881 1134 1960 et
1154 1893 1305 1956 bestiarum

254 2001 447 2064 desolaretur
472 2003 612 2077 incursu,
642 2010 768 2063 sanctus
792 2003 990 2075 Mamertusl,
1020 2003 1163 2062 eiusdem
1191 1987 1307 2056 civitais

253 2104 426 2179 episcopus,
457 2120 513 2164 eas
541 2105 654 2179 legitur
682 2121 738 2179 pro
763 2105 853 2164 malis
883 2119 964 2181 quae
989 2105 1210 2180 praemisimus
1236 2089 1308 2154 ordi-

254 2219 361 2277 nasse,
395 2221 473 2281 ques
499 2204 726 2268 aurelianensis
760 2207 922 2285 synodus³
951 2213 981 2268 et
1012 2222 1050 2266 eo
1082 2213 1223 2281 tempore
1250 2188 1307 2251 fieri

252 2307 336 2368 iubet
368 2315 399 2368 et
431 2309 469 2367 ab
493 2325 587 2384 opere
614 2311 727 2381 servili,
761 2317 793 2369 ut
821 2310 943 2385 plenius
973 2309 1181 2380 celebrentur,
1212 2305 1306 2362 omnes

251 2426 372 2470 vacare.
424 2412 553 2490 Hispani
582 2418 684 2472 autem
717 2417 845 2487 propter
875 2411 933 2470 hoc
960 2411 1044 2487 quod
1074 2412 1226 2485 scriptum
1256 2399 1304 2457 est:

251 2528 312 2572 non
340 2522 470 2587 possunt
499 2518 559 2587 filii
591 2518 695 2590 sponsi
728 2519 850 2590 tepere,
888 2517 1035 2590 quamdiu
1069 2532 1139 2573 cunr
1178 2512 1240 2574 illis
1270 2503 1305 2558 eli

251 2617 412 2688 sponsari,
443 2617 521 2677 inira
550 2619 844 2693 quinquagesimam
872 2617 1010 2693 paschae
1033 2623 1218 2676 recusantes
1244 2605 1307 2668 ieiu-

251 2722 328 2774 nare
352 2717 501 2779 laetanias
530 2734 606 2779 suas
634 2728 706 2796 post
733 2725 935 2794 pentecosten
968 2727 1148 2795 posuerunt,
1174 2719 1202 2777 V
1226 2719 1255 2773 et
1276 2702 1308 2762 Vl

250 2825 280 2878 et
299 2802 351 2878 vll
374 2822 465 2880 l'eriae
489 2822 626 2882 eiusdem
644 2823 827 2884 ebdomadis
847 2838 901 2883 eas
924 2822 1081 2882 iacientes.
1126 2822 1186 2880 Alii
1211 2822 1311 2878 eorusn

248 2955 451 2966 ᾖ*

317 3021 387 3082 111],
405 3023 515 3075 insolita.
542 3053 575 3062 -
602 3011 697 3086 bmlh,
714 3025 768 3088 ing.
787 3030 811 3075 et
832 3024 934 3076 insolita
954 3025 1017 3075 lues.
1046 3053 1076 3061 —
1103 3020 1171 3084 θοε,
1188 3021 1257 3087 quia.
1282 3037 1310 3047 ··

248 3090 262 3132 ‘¹
280 3103 314 3164 M,
333 3105 447 3171 Longob.
465 3137 498 3145 -
516 3107 528 3136 θ
546 3126 584 3171 oe,
603 3111 680 3160 feriis.

1104 3200 1310 3219 -.-..——--“

322 3261 328 3295 ¹
347 3256 396 3309 Cir.
414 3258 497 3320 Pauli,
516 3261 578 3315 Hist.
597 3263 759 3328 Langobard.
777 3261 795 3312 1.
815 3262 852 3324 1Π,
871 3278 911 3328 cp.
930 3265 970 3315 24.
994 3261 1027 3314 M.
1046 3259 1074 3312 G.
1093 3259 1139 3310 SS.
1158 3257 1272 3324 Langob.
1290 3253 1311 3300 el
1425 3291 1426 3346 l

247 3342 299 3395 ital.
327 3359 377 3396 sec.
395 3343 513 3406 Vl-IX,
539 3362 563 3411 p.
584 3349 640 3401 105.
667 3377 701 3384 -
730 3350 740 3384 ²
765 3347 907 3412 Episcopus
937 3347 1085 3398 viennensis
1112 3345 1254 3398 lca-475.
1280 3361 1309 3374 ‘·
1425 3351 1426 3354 ’

248 3425 399 3496 ¹Synodus
422 3427 603 3482 aurelianensis
626 3447 685 3484 ann.
709 3434 755 3484 511
781 3446 835 3482 can.
853 3429 946 3481 xxvll
968 3429 1107 3483 constituit:
1136 3429 1310 3492 ,rogationes

245 3511 273 3563 ld
294 3517 331 3564 est
354 3513 455 3565 litanias
481 3519 539 3565 ante
562 3518 739 3568 ascensionem
761 3515 864 3566 Domini
886 3517 918 3567 ab
941 3517 1061 3568 omnibus
1084 3513 1199 3566 ecclesiis
1218 3506 1309 3578 placuit

245 3596 380 3660 celebrari;
403 3600 439 3650 ile
462 3603 490 3649 ut
511 3603 681 3664 praemissum
703 3601 853 3652 triduanum
871 3603 996 3653 ieiunium
1015 3603 1042 3651 in
1060 3600 1204 3652 dominicae
1224 3607 1308 3649 ascen·

244 3683 325 3734 sionis
342 3685 477 3734 festivitate
494 3683 618 3746 solvatur;
643 3703 688 3751 per
705 3686 776 3752 quod
799 3686 912 3737 triduum
930 3688 997 3738 servi
1020 3691 1044 3737 et
1066 3685 1176 3736 ancillae
1194 3683 1226 3735 ab
1243 3676 1308 3734 omni

245 3781 321 3832 opere
339 3767 493 3829 relaxentur,
516 3785 566 3835 quo
585 3772 669 3834 magis
687 3770 759 3835 plebs
778 3773 900 3821 universa
917 3773 1074 3822 conveniat.“
1110 3769 1200 3832 Mansi,
1219 3774 1236 3819 t.
1249 3760 1308 3819 vlll

245 3855 303 3904 355.
323 3881 354 3888 -
374 3856 385 3889 ⁴
403 3853 490 3906 Matth.
509 3854 548 3918 lX,
568 3857 607 3906 15.
