2956 4766
624 379 747 438 ..93
792 413 834 420 ...

195 561 288 624 quam
312 549 452 624 plurima.
497 546 544 606 Ex
567 546 625 608 trac
648 548 741 622 igitur
764 549 927 608 occasione
957 550 1117 609 inventum
1141 554 1203 624 est,
1231 556 1265 608 ut

193 650 307 726 patrini
338 653 388 710 vel
423 650 572 710 matrinae
604 649 811 710 adhibeantur
842 651 1019 726 suscepturi
1047 652 1196 727 parvulos
1225 651 1264 709 de

194 753 320 812 lavacro
344 757 375 811 et
396 768 452 828 pro
469 753 514 812 eis
530 754 743 828 respondeant
759 753 870 825 omnia,
894 769 976 829 quae
998 755 1057 829 ipsi
1081 754 1263 829 parastatis

194 855 401 915 infirmitatem
426 855 564 914 confiteri
589 873 649 915 non
673 861 814 930 possunt
861 855 1038 931 pariterque
1060 857 1152 916 debet
1175 855 1265 930 spiri-

194 959 263 1017 talis
296 965 383 1031 pater
413 958 463 1015 vel
496 963 595 1016 mater
630 958 671 1027 ei,
707 972 799 1032 quem
835 959 873 1016 de
904 960 987 1018 l'onte
1017 958 1262 1032 regenerationis

194 1060 340 1134 suscepit,
364 1059 491 1120 eumad
512 1058 743 1132 intellegibilem
761 1061 936 1133 pervenerit
951 1067 1085 1120 aetatem
1106 1060 1264 1119 insinuare

194 1162 431 1233 contessionem,
456 1177 551 1237 quam
574 1177 629 1236 pro
650 1177 686 1221 eo
711 1162 790 1232 lecit,
815 1170 847 1220 ut
871 1163 924 1237 qui
947 1164 1046 1221 aliena
1070 1163 1264 1221 confessione

193 1265 274 1324 sicut
297 1264 474 1338 paraliticus
489 1262 549 1322 fide
570 1264 781 1339 portantium1
802 1265 946 1324 meruita
968 1269 1169 1339 peccatorum
1186 1265 1265 1324 solvi

194 1368 359 1440 languore,
389 1366 513 1424 studeat
543 1359 638 1425 saluti
665 1367 832 1442 praestitae
862 1351 1058 1426 vivere'non
1087 1367 1213 1439 indigne
1236 1373 1265 1424 et

195 1483 253 1528 sua
274 1469 403 1543 impleat
425 1469 640 1536 exsecutione,
672 1467 755 1542 quod
785 1469 907 1530 illorum
938 1468 1100 1530 confessus
1131 1474 1179 1528 est
1202 1484 1264 1541 ore,

194 1572 220 1630 si
250 1587 309 1630 non
337 1570 401 1628 vult
429 1571 603 1630 salvatione
632 1586 749 1640 carere,
783 1588 878 1647 quam
906 1573 1028 1632 illorum
1057 1573 1168 1632 meruit
1193 1571 1263 1632 fide.

194 1673 261 1732 Non
284 1681 388 1732 autem
410 1672 500 1732 debet
524 1680 611 1748 pater
625 1674 676 1732 vel
699 1679 796 1734 mater
820 1675 858 1734 de
881 1675 967 1734 tonte
990 1690 1081 1735 suam
1104 1675 1264 1748 suscipere

194 1775 347 1849 sobolem,
372 1779 403 1833 ut
418 1775 458 1833 sit
474 1776 618 1835 discretio
634 1776 714 1834 inter
730 1777 899 1851 spiritalem
920 1777 1152 1850 generationem
1168 1783 1263 1851 atquo

194 1880 368 1950 carnalem3
400 1878 484 1952 quod
515 1879 541 1936 si
570 1893 645 1937 casu
675 1880 824 1947 evenerit,
855 1895 916 1939 non
943 1879 1103 1938 habebunt
1130 1879 1263 1938 carnalis

193 1981 328 2056 copulae
352 1979 500 2056 deinceps
524 1981 717 2040 adinvicem
743 1982 947 2050 consortium,
979 1982 1030 2056 qui
1054 1982 1085 2040 in
1109 1981 1264 2041 communi

192 2082 255 2140 filio
281 2082 541 2158 compaternitatis
558 2084 696 2157 spiritale
720 2084 876 2143 vinculum
901 2089 1114 2157 susceperunt.
1159 2083 1263 2158 Bapti-

192 2185 284 2245 zandi
307 2185 505 2259 suntjtaque
528 2200 588 2245 non
612 2189 714 2244 solum
743 2178 799 2260 per
822 2191 955 2245 aetatem
979 2186 1144 2258 loquentes
1167 2190 1197 2243 et
1219 2185 1264 2244 in-

194 2288 376 2362 tellegentes
393 2301 473 2363 quae
490 2293 632 2360 aguntur,
656 2289 712 2346 sed
735 2289 826 2346 etiam
848 2288 986 2347 nondum
1009 2302 1065 2362 per
1080 2303 1116 2346 se
1138 2301 1194 2362 pro
1211 2295 1263 2346 sea

192 2391 365 2466 loquentes.
400 2388 486 2448 Sicut
502 2391 593 2449 etiam
610 2391 750 2468 synodus
767 2390 1046 2464 carthaginiensis2
1061 2389 1262 2463 baptizandos

166 2478 170 2484 ¹
193 2493 300 2551 statuit
314 2498 468 2566 aegrotos
491 2494 543 2567 qui
564 2493 626 2551 iam
650 2493 735 2567 loqui
755 2508 815 2552 non
839 2496 982 2568 possunt,
1007 2507 1077 2551 cum
1092 2491 1262 2552 voluntatis

193 2609 301 2652 eorum
329 2595 535 2655 testimonium
567 2596 616 2653 sui
644 2595 778 2656 dixerint
808 2602 862 2655 aut
890 2595 950 2670 ipsi
981 2593 1137 2670 aliquibus
1164 2595 1263 2669 signis

194 2697 396 2772 comprobare
420 2699 583 2772 potuerint.
630 2697 757 2756 Mortuis
774 2714 850 2760 vero
877 2698 1029 2772 baptisma
1044 2699 1095 2756 vel
1118 2696 1262 2756 euchari-

194 2787 285 2859 stiam
319 2799 384 2858 dari
416 2801 585 2874 supradicti
619 2801 674 2860 loci
709 2800 889 2875 prohibetur
922 2801 1053 2862 concilio
1064 2801 1084 2870 ³,
1116 2801 1262 2875 quamvis

195 2901 299 2977 primis
325 2903 564 2976 praedicationis
592 2905 793 2978 evangelicae
816 2903 1008 2980 temporibus
1031 2901 1106 2960 tanti
1128 2901 1261 2960 fervoris

193 3005 318 3078 quidam
343 3004 372 3062 in
396 3005 502 3065 divina
525 3004 707 3064 credulitate
730 3006 906 3087 reseruntur
928 3005 1034 3074 luisse,
1057 3008 1091 3060 ut
1113 3017 1168 3076 pro
1191 3003 1261 3075 qui-

194 3107 324 3164 busdam
356 3107 526 3168 carissimis
558 3114 628 3166 ante
656 3107 921 3168 adnuntiationem
942 3105 1083 3165 veritatis
1105 3104 1160 3162 vel
1184 3104 1262 3179 bap—

194 3209 275 3269 tismi
313 3210 540 3283 perceptionem
579 3209 734 3271 defunctis
771 3209 922 3285 baptizari
960 3207 1133 3276 studerent,
1176 3207 1259 3281 quod

261 3408 273 3435 ³
290 3424 328 3471 oe,
345 3424 391 3474 per
408 3425 435 3460 se
453 3408 495 3460 vel
512 3424 558 3475 pro
575 3425 611 3461 se.

266 3601 273 3634 ¹
291 3597 352 3649 Luc.
372 3597 404 3661 V,
424 3601 521 3664 18sqq.
541 3627 572 3636 -
594 3598 674 3650 almo
697 3598 868 3664 hipponensis
886 3613 954 3648 anno
972 3599 1021 3650 393
1039 3596 1130 3648 celebr.
1148 3609 1203 3646 can.
1221 3597 1261 3657 32,

193 3698 240 3732 ser.
253 3698 302 3734 seo.
321 3683 403 3733 Mansi
416 3682 456 3744 ΙΙΙ,
468 3685 526 3735 923.
546 3713 577 3721 -
597 3687 609 3724 ³
626 3683 722 3734 Eadem
734 3683 850 3752 synodus
868 3683 975 3748 hippon.
987 3697 1008 3734 o.
1021 3684 1046 3741 t,
1064 3683 1141 3732 series
1157 3681 1262 3732 secund.

193 3765 276 3818 blansi
292 3767 331 3830 Ill,
350 3771 411 3821 919:
438 3773 481 3830 ,ut
499 3769 648 3835 corporibus
670 3769 848 3822 detunctorum
867 3768 1030 3820 Eucharistia
1047 3782 1097 3816 non
1115 3764 1189 3816 detur
1206 3800 1213 3815 .
1231 3801 1237 3816 .
1255 3803 1262 3817 .

193 3851 290 3902 Deinde
307 3853 452 3904 cavendum
470 3860 516 3916 est,
540 3869 571 3904 ne
588 3860 702 3904 mortuos
720 3854 797 3904 etiam
820 3853 945 3918 baptizari
967 3867 1041 3917 posse
1066 3851 1170 3901 fratrum
1189 3849 1260 3901 intir-

193 3939 267 3988 mitas
285 3937 394 3990 credaut
