2956 4766
674 397 888 457 „90-

249 569 308 628 Alii
332 582 456 643 quoque
480 568 509 625 in
533 566 700 643 epiphania
721 567 844 628 Domini
867 566 1025 642 baptizare
1047 567 1220 636 voluemnt,
1243 567 1310 641 quia

248 684 286 729 eo
314 677 453 745 tempore
480 668 642 728 Dominum
675 677 814 729 nostrum
843 668 974 727 traditur
1003 667 1201 744 baptizatum,
1233 667 1311 742 quod

249 777 280 831 et
302 771 404 845 ipsum
428 769 466 829 ab
482 770 550 830 aliis
572 770 780 845 prohibetur.¹
824 770 902 844 Quia
916 785 991 830 vero
1005 770 1177 830 seeundum
1194 776 1312 844 aposto-

249 874 311 930 lum
348 873 377 930 in
414 877 511 931 morte
545 874 711 933 salvatoris
749 872 965 949 baptizamur²
1003 879 1034 931 et
1067 872 1133 946 ipse
1166 871 1313 931 Dominus

249 974 418 1034 intraturos
440 973 489 1031 ina
510 989 639 1048 regnum
663 975 816 1034 caelorum
840 990 881 1034 ex
904 989 987 1048 aqua
1011 982 1042 1032 et
1065 973 1175 1048 spiritu
1197 971 1315 1032 renasci

249 1074 365 1136 debere
387 1081 614 1150 praemonstrat
624 1076 645 1147 ³,
675 1091 812 1149 congrue
841 1091 860 1133 a
887 1075 1083 1150 praesulibus
1106 1075 1314 1136 Romanorum

248 1177 329 1238 haec
362 1178 424 1237 duo
460 1185 599 1251 tempora
633 1179 701 1238 sola
734 1179 772 1237 ad
803 1178 1044 1238 celebrationem
1077 1177 1218 1253 praelixa
1248 1182 1316 1237 sunt

248 1277 475 1356 baptismatis't
505 1279 536 1338 id
570 1285 619 1340 est
651 1279 771 1355 pascha
799 1287 829 1338 et
855 1285 1069 1354 pentecostes,
1101 1295 1232 1355 quorum
1260 1293 1316 1337 uuo

249 1382 355 1457 passio
385 1387 416 1440 et
447 1383 632 1442 resurrectio
663 1382 795 1450 Domini,
827 1384 925 1443 altero
960 1381 1115 1441 adventus
1148 1381 1317 1440 celebratur

249 1483 375 1558 spiritus
398 1483 507 1543 sancti.
552 1483 612 1541 Alii
635 1484 746 1542 trinam
771 1486 975 1544 mersionemc
996 1485 1104 1543 volunt
1125 1482 1155 1541 in
1178 1482 1317 1542 similitu-

249 1585 353 1644 dinem
378 1585 540 1644 triduanae
563 1588 759 1662 sepulturae,
793 1595 826 1646 ut
854 1588 883 1646 in
907 1585 1083 1644 canonibus
1107 1587 1317 1659 apostolorum

250 1692 398 1746 statutum
422 1685 576 1746 hebetari
597 1694 628 1747 et
648 1689 858 1748 Romanorum
876 1687 1070 1748 consuetudo
1087 1687 1249 1760 observat3
1272 1686 1320 1746 alii

249 1805 343 1849 unam
366 1795 493 1865 propior
508 1789 677 1850 divinitatis
694 1791 839 1850 unitatem
856 1789 1057 1858 contendunt,
1080 1796 1114 1847 ut
1137 1789 1166 1847 in
1190 1789 1320 1849 concilio

249 1892 385 1951 toletano
419 1891 599 1966 plenissime
635 1891 769 1952 habetur
780 1897 800 1966 ⁵,
837 1892 890 1952 ubi
924 1893 1017 1951 etiarn
1052 1898 1320 1961 commemoratur,

249 1993 334 2068 quod
367 1994 480 2054 beatus
512 1995 678 2069 Gregorius
715 1994 916 2071 interroganti
956 2009 1052 2070 super
1084 1994 1146 2054 hoc
1177 1992 1319 2053 Leandro

250 2096 328 2154 inter
350 2101 473 2156 caetera
496 2097 538 2155 ita
554 2097 765 2171 responderit:
790 2101 885 2172 „quia
904 2099 936 2156 iu
951 2113 1015 2154 unu
1035 2099 1099 2168 fide
1122 2097 1201 2156 nihil
1223 2097 1322 2171 officit

249 2201 402 2257 ecclesiae
418 2201 605 2259 consuetudo
621 2201 753 2258 diuersa.
790 2199 981 2272 limantem,
1004 2201 1087 2275 quod
1102 2201 1192 2258 tertio
1209 2201 1321 2272 merai-

251 2317 315 2358 mus
349 2301 516 2360 triduanae
542 2304 721 2377 sepulturae
751 2309 951 2361 sacramenta
981 2304 1154 2375 sianumus,
1186 2307 1222 2361 ut
1250 2302 1320 2360 dum

251 2405 340 2462 tertio
357 2404 395 2462 ab
412 2406 500 2478 aquis
523 2406 627 2477 iusuns
643 2405 790 2464 educitur
811 2405 1002 2463 resurrectio
1020 2404 1158 2462 triduani
1175 2404 1321 2478 temporis

251 2506 456 2579 exprimatur.
505 2505 591 2576 Quod
618 2509 645 2565 si
671 2509 738 2579 quis
762 2509 849 2580 sorte
872 2506 963 2564 etium
984 2521 1046 2580 pro
1073 2521 1211 2563 summae
1234 2509 1321 2564 trini-

252 2609 324 2664 tatis
354 2609 550 2666 ueneratione
584 2611 739 2668 existimet
761 2610 847 2679 fieri,
883 2623 982 2681 neqrre
1015 2601 1073 2667 obd
1105 2607 1166 2666 hoc
1200 2606 1323 2682 aliquid

251 2709 369 2768 obsistit
390 2708 611 2782 baptizandum
633 2713 728 2769 semel
749 2713 779 2768 iu
802 2711 892 2782 aquis
914 2723 1075 2781 meroem
1097 2710 1171 2782 quio
1194 2708 1268 2766 dum
1290 2711 1322 2768 iu

251 2809 348 2867 trihus
370 2809 570 2868 subsistentiis
593 2827 655 2869 uua
683 2811 856 2870 substantia
881 2817 939 2882 est,
968 2808 1233 2885 repraehensione
1257 2825 1322 2869 esse

249 2913 428 2970 nullatenus
454 2911 603 2988 poteritss,
639 2914 789 2986 insaniem
821 2912 1006 2986 baptismate
1042 2904 1106 2967 terf
1142 2914 1192 2969 uel
1226 2913 1323 2970 semel

251 3029 407 3085 meruere,
437 3013 560 3086 quando
584 3017 615 3071 et
636 3015 665 3071 iu
694 3015 791 3073 tribus
814 3012 1015 3072 mersionibus
1032 3027 1241 3087 personarum
1267 3013 1320 3071 tri·

319 3195 332 3222 ²
349 3212 393 3256 oe,
420 3211 471 3247 om.
497 3198 532 3248 in.
558 3225 592 3232 —
620 3184 708 3259 bchi,
734 3197 875 3260 baptizatis.
904 3225 937 3234 —
964 3194 1035 3258 coe,
1063 3196 1265 3246 immersionem.
1288 3223 1321 3232 -

250 3264 365 3330 “textum
391 3280 483 3347 synod.
505 3281 536 3329 ad
559 3280 617 3333 hoc.
646 3312 676 3318 -
705 3280 794 3333 etent.
820 3280 912 3346 synod.
939 3284 1029 3345 potest.
1056 3309 1086 3317 -
1115 3264 1202 3331 ftext.
1228 3279 1322 3347 synod.

249 3364 293 3416 vel
309 3369 354 3415 ter.

322 3540 330 3573 1
349 3534 400 3590 Cir.
417 3535 553 3600 epistulam
571 3534 664 3585 Leonis
681 3535 699 3591 i,
722 3534 755 3584 ad
772 3535 905 3600 episcopos
923 3533 1027 3586 Siciliae
1045 3549 1123 3599 supra
1140 3539 1321 3594 memoratam

250 3637 275 3686 p.
288 3622 320 3673 89
339 3625 390 3672 not.
409 3623 432 3672 1.
452 3647 482 3656 —
505 3622 515 3656 ²
532 3620 621 3671 Roem.
638 3617 682 3679 Vi,
701 3621 724 3670 3.
745 3647 775 3655 —
795 3621 806 3656 ³
824 3618 910 3669 loann.
929 3618 968 3680 HI,
982 3623 1005 3672 5.
1026 3649 1056 3656 -
1076 3624 1087 3656 ⁴
1105 3634 1160 3669 can.
1178 3624 1260 3682 apost.
1279 3620 1320 3670 50.

253 3703 296 3766 „Si
315 3706 372 3771 quis
389 3706 523 3770 episcopus
541 3704 583 3754 vel
600 3703 734 3771 presbyter
751 3720 803 3754 non
820 3705 913 3755 trinam
937 3706 1092 3756 mersionem
1111 3704 1188 3754 unius
1206 3702 1323 3770 mysterii

250 3788 366 3850 celebret,
390 3789 436 3840 sed
454 3789 533 3841 semei
551 3793 649 3852 mergat
665 3790 693 3838 in
709 3789 870 3853 baptismate,
894 3789 963 3854 quod
982 3790 1036 3839 dari
1054 3788 1156 3840 videtur
1173 3789 1199 3838 ia
1218 3787 1321 3838 Domini

251 3880 342 3933 morte,
360 3873 522 3938 deponatur.“
542 3902 575 3911 -
594 3878 605 3910 ⁵
623 3870 699 3924 Cone.
716 3873 786 3924 tolet.
800 3873 843 3934 IV,
863 3889 930 3924 anuo
943 3876 1001 3937 633,
1020 3888 1074 3924 can.
1087 3873 1131 3925 Vl.
1160 3872 1243 3923 Mansi
1260 3877 1277 3924 t.
1289 3870 1319 3933 X,

251 3973 276 4022 p.
296 3958 354 4008 614.
