2896 4828
594 378 803 437 ..45-

165 547 442 620 communicabant,
466 553 499 606 ut
521 552 653 607 testatur
677 546 823 606 Socrates
847 548 876 606 in
900 547 1029 608 historia
1052 563 1111 608 sua
1134 549 1232 609 eccie-

166 647 303 719 siastica,
327 650 380 708 ubi
397 650 436 709 de
453 649 587 710 diversis
603 651 805 710 ecclesiarum
823 650 1100 710 consuetudinibus
1118 650 1233 709 iaciens

164 749 350 810 mentionem
368 759 439 828 post
455 754 567 812 multas
579 748 765 812 ieiuniorum
780 757 810 810 et
823 752 1051 810 solemnitatum
1064 754 1233 812 varietates

99 915 105 925 .
165 849 243 910 haec
278 853 359 913 inter
391 859 494 914 cetera
528 854 628 930 ponit:
660 855 741 928 „Sed
775 857 868 912 etiarn
902 853 991 911 circa
1021 856 1234 914 celebritatem

165 955 370 1014 collectarum
398 956 551 1031 quaedam
581 955 744 1015 diversitas
773 956 935 1013 invenitur.
982 952 1059 1013 Nam
1083 956 1153 1014 dnm
1174 973 1235 1031 per

165 1058 315 1116 ecclesias
344 1060 375 1117 in
403 1060 547 1117 aniverso
581 1063 739 1116 terraram
768 1058 842 1117 orbe
872 1057 1069 1132 constitutas,
1092 1057 1142 1117 die
1164 1059 1234 1116 sab-

165 1155 307 1217 batorum
334 1176 397 1234 per
429 1161 570 1234 sinpalas
603 1160 792 1220 ebdomadas
828 1159 988 1228 sacrificia
1025 1160 1232 1234 celebrentur,

165 1258 224 1319 boc
247 1262 278 1318 in
298 1259 495 1320 Alexandria
519 1266 549 1320 et
571 1260 671 1321 Barna
695 1262 848 1336 praecoma
864 1261 976 1335 prisca
993 1262 1159 1320 traditione
1173 1277 1234 1320 non

161 1362 295 1434 faciant.
344 1361 490 1437 Aepyptii
517 1379 606 1440 aero,
635 1365 851 1422 Alexandriae
884 1363 977 1422 cicini
1012 1370 1042 1421 et
1074 1362 1235 1422 Tbebaiclis

164 1462 364 1533 habitatores,
386 1466 515 1524 sabbato
532 1468 656 1540 quidem
679 1467 831 1525 collectas
854 1472 961 1538 aptent,
983 1466 1130 1542 sednon,
1154 1469 1236 1524 sicat

165 1567 258 1624 noris
281 1567 350 1640 est1,
376 1575 577 1626 sacramenta
601 1570 799 1642 percipiunt;
829 1583 901 1626 narn
924 1575 1088 1644 postquam
1111 1571 1237 1642 suerint

165 1667 284 1741 epulan
304 1671 334 1725 et
352 1668 428 1726 cibis
442 1671 580 1728 omnibus
596 1669 767 1744 adimpleti,
793 1670 882 1728 circa
904 1685 1063 1744 vesperam
1079 1671 1236 1730 oblatione

161 1769 255 1843 sacta
278 1771 561 1845 communicant“²;
585 1778 615 1829 ct
634 1773 728 1846 panio
746 1771 888 1831 interius:
911 1771 964 1844 „in
981 1770 1146 1832 Antiocbia
1161 1788 1234 1829 aero

166 1867 280 1943 Syriae
306 1873 410 1929 altare
439 1889 499 1932 non
528 1875 572 1932 ad
599 1875 747 1932 orientem
776 1874 945 1945 ecclesiae,
980 1873 1036 1930 sed
1067 1874 1167 1945 mauis
1194 1873 1236 1930 ad

164 1973 353 2030 occidentem
388 1973 557 2048 babent“3,
599 1973 638 2032 de
673 1989 736 2049 que
769 1989 802 2032 re
841 1973 933 2032 etiam
968 1987 1025 2032 nos
1059 1969 1234 2049 quaedamb

164 2072 310 2148 superius
334 2072 567 2134 disseruimus.⁴
611 2075 650 2134 Et
673 2074 733 2134 hoc
756 2075 897 2150 quidem,
922 2075 1008 2150 quod
1032 2075 1078 2132 inc
1102 2075 1233 2148 singuiis

164 2164 318 2234 sabbatis
336 2175 388 2235 isti
422 2183 493 2252 post
520 2178 684 2252 prandium
718 2179 766 2234 vei
797 2192 925 2235 caenam
956 2175 1234 2249 communicabant,

165 2292 228 2352 qua
255 2278 418 2338 autoritate
448 2275 568 2339 iacered
598 2280 771 2349 voluerint,
803 2295 862 2338 non
893 2279 972 2339 adeo
1004 2280 1106 2354 liquet
1157 2275 1233 2335 iliud

163 2395 256 2449 vero,
286 2380 369 2456 quod
403 2381 581 2456 superiores
610 2382 639 2439 in
667 2382 881 2441 anniversario
912 2396 1028 2439 caenae
1056 2379 1234 2438 dominicae

163 2481 270 2556 pransi
294 2483 521 2542 communicare
545 2484 690 2558 permissi
714 2491 794 2550 sunt,
818 2498 858 2541 ex
881 2482 1044 2542 occasione
1062 2498 1159 2557 supra
1182 2499 1234 2540 ex·

164 2583 270 2659 posita
297 2586 465 2645 emersisse
491 2586 623 2645 videtur.
674 2584 735 2645 Sed
765 2600 782 2643 a
810 2585 1016 2661 sequentibus
1046 2584 1179 2645 honesta
1205 2591 1236 2642 et

163 2680 340 2746 rationabili
363 2688 587 2749 deliberatione
609 2691 758 2746 statutum
780 2703 851 2746 esse
867 2688 1074 2762 cognoscitur,
1097 2693 1130 2745 ut
1154 2685 1236 2746 omni

164 2791 305 2862 tempore
334 2803 352 2848 a
375 2790 486 2850 ieiunis
514 2794 718 2850 sacrosancta
746 2791 895 2864 mysteria
919 2790 1121 2849 ceiebrentur.
1167 2789 1235 2847 Non

165 2890 246 2948 enim
271 2890 341 2950 ideo
365 2893 452 2968 prius
474 2893 630 2968 prandere
650 2897 683 2949 et
699 2897 810 2966 postea
826 2892 1057 2949 communicare
1074 2891 1235 2960 debemus,

165 2991 240 3066 quia
274 2992 423 3053 Dominus
457 2996 627 3070 completor
663 2993 739 3067 legis
772 2999 820 3050 eit
852 2997 960 3052 auctor
993 2993 1111 3066 gratiae
1150 2993 1236 3066 prius

159 3093 266 3168 iegale
293 3095 413 3168 pascha
441 3098 585 3171 perfecit,
613 3096 725 3155 deinde
754 3095 936 3169 evangelica
966 3100 1164 3154 sacramenta
1192 3093 1237 3152 in-

165 3195 279 3268 stituit,
308 3197 389 3256 sicut
419 3214 477 3257 nec
505 3199 591 3273 prius
624 3197 827 3274 corporaliter
842 3197 983 3272 cogimur
1006 3196 1183 3256 eircumcidi
1207 3199 1238 3256 et

165 3299 367 3374 postmodum
406 3299 574 3375 baptizari,
615 3317 682 3360 cum
725 3301 861 3360 sciamus
898 3299 1054 3359 dominum
1097 3306 1236 3360 nostrum

233 3447 292 3499 aoe
313 3454 338 3501 et
360 3447 416 3500 S.G.
435 3448 549 3515 quidem.
577 3480 608 3488 —
640 3439 713 3515 boe,
737 3450 850 3516 quidem.
877 3479 909 3487 —
939 3449 1006 3514 “oe,
1027 3454 1052 3501 et
1073 3449 1101 3499 hi
1124 3449 1237 3514 quidem,

165 3534 254 3598 inquit
273 3563 306 3571 —
324 3521 338 3561 ‘¹
356 3550 393 3597 oe,
411 3534 439 3584 id
457 3535 547 3584 iacere.
567 3563 598 3572 -
617 3533 629 3560 θ
648 3551 686 3597 oe,
705 3549 757 3584 om.
775 3540 806 3586 et.

237 3686 375 3738 ¹Socrnt.:
399 3684 451 3756 οὐχ
476 3686 512 3741 ὡς
538 3683 590 3754 ἔθη
614 3686 671 3738 ἐστὶ
694 3690 871 3758 χριστιανοῖς,
901 3691 954 3737 τῶν
980 3687 1133 3757 μυστηρίων
1156 3703 1237 3753 μετα-

167 3768 353 3839 λαμβάνουσιν.
381 3801 413 3810 -
440 3770 652 3835 ²Cessiodorus‚
672 3773 734 3824 Hist.
752 3775 847 3838 tripart.
866 3772 883 3825 l.
901 3771 941 3832 ix,
960 3785 980 3823 c.
1000 3774 1039 3824 38.
1075 3773 1163 3837 Migne
1182 3789 1201 3825 s.
1221 3773 1238 3825 1.

164 3863 183 3910 t.
196 3856 237 3917 69,
255 3871 279 3920 p.
291 3859 365 3910 1155.
396 3855 502 3920 socrat,
520 3856 560 3910 ed.
574 3857 662 3908 Vates.
680 3856 698 3908 l.
709 3858 743 3916 V,
761 3873 782 3907 c.
794 3861 833 3919 22,
853 3873 877 3921 p.
890 3859 939 3909 286
949 3858 1040 3908 erasi.
1058 3885 1092 3894 -
1111 3859 1122 3894 ⁸
1140 3856 1157 3907 l.
1171 3873 1192 3907 c.
1204 3886 1238 3894 -

168 3942 179 3976 ⁴
197 3938 247 3992 Cir.
264 3956 319 4005 cap.
337 3941 382 4003 IV,
401 3958 425 4007 p.
444 3945 525 4008 9sqq.
