2956 4766
528 1061 884 1162 Appendiae

552 1443 629 1523 „Ile
655 1445 755 1512 misso
778 1448 861 1511 est.“

168 1627 216 1688 Ex
239 1629 319 1690 Flori
344 1628 465 1688 diaconi
489 1629 694 1702 lugdunensis
718 1629 751 1703 (†
768 1643 794 1688 c.
810 1626 885 1702 860)
904 1625 1097 1703 expositione
1114 1625 1240 1684 missae.

166 1759 231 1812 Cod.
249 1760 291 1814 lat.
310 1761 408 1812 Monac.
433 1776 459 1812 rr.
479 1763 557 1813 14581
579 1776 628 1812 sec.
646 1759 690 1822 XI,
708 1759 752 1812 iol.
772 1762 811 1812 65.
844 1757 894 1810 Cir.
913 1759 1032 1810 Martene.
1063 1758 1129 1810 vett.
1151 1755 1242 1822 Scripl.

501 1847 580 1910 ampl.
599 1844 659 1896 coll.
677 1850 694 1895 t.
712 1844 753 1905 lX,
771 1860 796 1909 p.
815 1847 864 1896 648
875 1859 912 1908 sq.

233 2034 358 2109 „Finitis
394 2050 470 2093 vero
504 2035 649 2094 omnibus
687 2032 801 2093 astanti
840 2038 871 2091 et
907 2032 1085 2092 observanti
1124 2032 1239 2107 populo

168 2135 321 2196 absolutio
345 2135 433 2196 datur
455 2135 642 2196 inclamante
665 2136 810 2195 diacono:
833 2135 880 2193 Ite
903 2136 995 2194 messa
1018 2140 1070 2195 cst.
1117 2135 1240 2209 (Altera

168 2237 265 2296 missa
298 2253 340 2298 sc.
372 2238 514 2312 leiturgia
546 2253 660 2311 graeca
686 2238 792 2312 lingua
819 2237 938 2308 dicitur,
973 2253 1053 2312 quae
1083 2236 1110 2295 in
1142 2238 1237 2297 latino

168 2338 386 2416 interpretatur
408 2340 611 2415 interpellatio
635 2357 691 2418 pro
720 2341 821 2416 plebe,
851 2340 881 2398 id
905 2348 955 2400 est
977 2339 1159 2400 intercessio
1182 2355 1238 2414 pro

164 2445 288 2518 populo.
298 2444 321 2519 ¹)
359 2443 457 2502 Missa
473 2460 547 2520 ergo
571 2443 644 2503 nihil
667 2441 749 2503 aliud
773 2443 960 2517 intellegitur
976 2458 1068 2520 quarn
1086 2440 1236 2510 dimissio,

165 2543 195 2602 id
226 2552 275 2605 est
303 2544 475 2617 absolutio,
506 2561 599 2622 quam
628 2546 792 2607 celebratis
816 2546 958 2605 omnibus
987 2551 1061 2605 tunc
1083 2543 1235 2603 diaconus

166 2662 237 2706 esse
258 2648 445 2720 pronuntiat,
471 2664 540 2708 cum
566 2651 699 2724 populos
723 2664 741 2707 a
761 2647 921 2721 sollempni
945 2645 1237 2738 observationefldi-

165 2747 300 2809 mittitur.
345 2747 433 2809 Unde
456 2757 487 2809 et
509 2752 636 2812 missam
661 2756 933 2810 catecumenorum
956 2765 1091 2809 canones
1122 2749 1236 2820 dicunt,

166 2849 289 2922 quando
320 2859 391 2925 post
413 2853 567 2928 evangelii
597 2852 762 2913 lectionem
794 2851 942 2928 incipiunt
965 2851 1115 2911 celebrari
1145 2865 1236 2910 sacra

165 2951 322 3024 mysteria,
355 2953 469 3027 quibus
501 2955 616 3013 nullum
646 2953 704 3012 nisi
734 2953 881 3028 baptismi
908 2954 990 3014 sonte
1018 2959 1235 3029 regeneratum

166 3049 315 3112 interesse
345 3053 424 3114 licet.
469 3055 556 3115 Tune
586 3056 668 3116 enirn
698 3060 852 3117 clamante
877 3055 1004 3116 diacono
1033 3055 1124 3116 iidem
1152 3062 1236 3116 eate-

166 3155 288 3213 cumeni
312 3154 518 3227 mittebantur,
542 3157 571 3214 id
589 3164 636 3218 est
652 3157 882 3218 dimittebantur
904 3158 997 3219 foras
1043 3159 1139 3219 blissa
1161 3176 1234 3234 ergo

165 3262 435 3319 catecumenorum
450 3257 544 3318 fiebat
558 3267 644 3319 ante
667 3261 821 3320 actionem
839 3268 1121 3336 sacramentorum
1138 3262 1235 3322 missa

164 3357 298 3420 fidelium
323 3361 356 3419 iit
373 3367 447 3438 post
469 3360 691 3422 conlectionem
710 3370 740 3420 et
763 3362 1031 3440 participationem
1048 3363 1232 3442 (eorundem

165 3464 491 3540 sacramentorum).“²

236 3631 244 3664 ¹
262 3628 331 3680 llaec
349 3631 473 3680 sententia
485 3629 556 3680 deest
573 3644 613 3694 ap.
626 3628 736 3680 Martene
754 3629 771 3683 l.
784 3646 805 3683 c.
824 3659 855 3670 —
876 3634 887 3670 ²
906 3633 979 3684 Deest
997 3649 1036 3699 ap.
1050 3633 1170 3687 Mortem
1181 3633 1198 3687 l.
1210 3649 1232 3686 e.

166 3707 211 3760 cn.
230 3713 306 3764 eliam
320 3714 405 3778 Ti'rbg.
417 3712 509 3765 Theol.
520 3713 713 3776 Quartalschrilt
729 3715 775 3768 Bd.
789 3719 830 3777 tl,
848 3733 872 3782 p.
886 3721 933 3771 531
948 3717 1044 3788 (leae),
1063 3720 1108 3771 ubi
1125 3719 1153 3770 P.
1166 3717 1233 3772 odil.
1246 3717 1249 3724 ⁴

166 3791 336 3850 Rottmonner
353 3798 421 3850 clare
437 3803 462 3850 et
478 3799 551 3852 docte
563 3799 682 3850 disseruit
699 3814 775 3865 snper
792 3802 998 3868 interpretatione
1014 3805 1085 3856 vocis
1099 3803 1231 3866 „Missee“.

599 3940 799 3948 .—-—
