2956 4766
599 381 904 442 -109-.

180 551 210 610 in
234 551 287 611 illo
310 552 380 610 loco
403 550 509 610 Lohen
533 550 591 610 nisi
614 550 658 608 IV
680 549 738 608 viri
770 550 941 624 piscatores
965 555 995 608 et
1025 550 1169 626 quotiens
1196 551 1253 609 mi·

180 653 277 714 nister
300 669 318 712 a
341 653 499 713 cellerario
522 651 731 729 piscatoribus
751 651 892 728 episcopi
915 651 1047 724 iusserit,
1069 652 1168 730 parati
1192 653 1253 713 sint

181 755 221 814 ad
248 753 431 830 piscandum
463 761 585 829 propter
614 755 774 814 utilitatem
799 769 893 830 quam
924 753 963 812 de
991 765 1097 815 nostro
1127 753 1253 815 habent.

180 854 219 913 Et
241 855 387 932 quotiens
410 870 429 914 a
451 869 549 928 pasca
571 855 610 914 ad
634 855 762 930 Hagene
785 854 814 913 in
841 855 1009 932 paludibus
1033 863 1063 914 et
1085 857 1115 915 in
1131 856 1253 920 ,harun-

181 955 294 1016 dinetis
317 957 393 1016 locis
420 957 480 1015 illis
503 957 546 1015 IV
573 956 780 1032 piscatoribus
810 957 924 1033 piscari
946 957 1124 1032 precipitur,
1154 958 1253 1032 parati

181 1057 243 1117 sint
265 1074 336 1118 cum
359 1059 494 1120 navibus
515 1066 545 1118 et
568 1059 636 1119 aliis
658 1059 872 1120 instrumentis
895 1059 1077 1134 piscalibus.
1122 1059 1160 1118 Et
1183 1067 1254 1136 post

178 1159 381 1233 piscationem
405 1169 478 1220 eant
500 1161 541 1221 ad
571 1162 730 1222 cellarium
753 1166 784 1220 et
807 1160 959 1236 accipiant
984 1161 1158 1237 prandium,
1182 1171 1212 1221 et
1235 1177 1253 1220 a

180 1262 283 1322 natale
299 1262 422 1322 Domini
438 1263 584 1339 usquein
605 1261 722 1339 pascha
745 1262 775 1320 in
793 1261 922 1337 singulis
938 1263 1110 1324 Dominicis
1125 1265 1254 1324 veniant

181 1379 251 1423 cum
275 1365 341 1426 suis
366 1364 504 1440 piscibus
528 1366 567 1425 ad
592 1365 757 1425 cellarium.
813 1405 815 1410 ,

243 1467 309 1526 Hec
326 1468 430 1527 omnia
453 1467 533 1526 dicta
557 1484 626 1527 cum
644 1467 820 1528 senioribus
837 1469 952 1529 nostris
969 1468 1143 1539 statuimus,
1161 1469 1254 1528 celle·

180 1569 261 1628 rario
285 1570 415 1645 singulis
430 1570 523 1630 annis
546 1575 581 1631 ut
603 1569 786 1642 tribuantur,
810 1577 845 1631 ut
866 1572 975 1630 fratres
998 1585 1055 1645 per
1077 1568 1136 1629 hec
1159 1570 1198 1629 ab
1215 1585 1253 1631 eo

181 1677 296 1730 statuto
320 1678 462 1748 tempore
491 1673 624 1748 pleniter
645 1672 833 1734 reficiantur.
877 1672 945 1748 Ego
970 1674 1165 1732 Sneuuortus
1186 1689 1253 1732 mo-

181 1772 301 1833 nachus
336 1781 367 1832 ct
399 1775 550 1834 diaconus
585 1774 719 1834 scribbsi
754 1788 785 1835 et
818 1773 918 1848 sigillo
952 1773 1056 1831 domni
1090 1775 1255 1850 dualsreut

112 1955 115 1960 4
182 1874 305 1934 abbatis
328 1876 517 1950 consignavi.
564 1876 643 1934 Acta
666 1882 739 1935 sunt
761 1874 820 1934 hec
835 1870 938 1949 ‘Angla
954 1875 1021 1934 Kal.
1040 1873 1123 1948 Sept.
1146 1875 1176 1933 in
1192 1885 1252 1936 nat.

184 1975 216 2036 S.
238 1977 362 2036 Verane
389 1976 530 2051 virginis.
574 1979 665 2036 Anno
697 1984 798 2037 autem
827 1977 1001 2036 dominicae
1029 1976 1252 2036 incarnationis

182 2075 389 2138 DGCOXLIII.
413 2077 556 2136 Felicitcr
578 2093 679 2136 amen.

612 2296 819 2311 4-—

694 2488 752 2556 lv.

354 2672 429 2742 Vita
457 2671 644 2760 Wolosrt'dt'
668 2673 709 2741 ob
735 2672 854 2764 Epona
881 2671 1089 2741 adumbrato.

374 2836 443 2906 (aaz,
461 2836 539 2891 rues.
557 2808 683 2890 anecdot.
702 2839 799 2890 noviss.
817 2838 848 2890 r.
867 2839 885 2898 1,
904 2840 929 2900 e,
947 2853 972 2902 μ
991 2837 1061 2906 aaa.)

247 3008 448 3079 Walalridus
472 3010 511 3069 de
527 3010 614 3069 cuius
639 3027 698 3086 ego
723 3010 837 3071 familia
859 3010 935 3070 nihil
957 3011 1054 3070 literis
1077 3009 1255 3069 mandatum

183 3109 315 3186 reperio,
339 3117 433 3170 natus
457 3118 506 3170 est
535 3127 614 3170 anno
636 3113 697 3173 806
728 3121 759 3172 et
786 3113 926 3189 quintum
957 3113 1110 3172 decimum
1141 3127 1256 3172 annum

185 3225 283 3286 agens
304 3213 334 3272 in
352 3213 551 3288 augiensium
575 3214 705 3274 fratrum
729 3215 768 3275 ab
784 3215 920 3274 Hettone
938 3214 1053 3277 abbate
1077 3215 1193 3273 relatus
1210 3218 1257 3274 est

185 3313 300 3374 album.
345 3317 378 3376 ln
394 3316 497 3390 Angla
521 3315 677 3389 magistris
700 3333 779 3378 usus
803 3322 852 3377 est
870 3316 994 3377 duobus
1011 3317 1145 3376 maxime
1167 3330 1257 3392 prae·

186 3415 350 3493 stantibus,
372 3418 511 3478 Wcttino
533 3433 646 3492 nempe
670 3423 701 3477 et
715 3419 855 3493 Tattone,
880 3419 938 3478 sub
962 3420 1077 3494 quibus
1099 3417 1255 3490 ingenium

185 3531 277 3577 suum
305 3519 348 3578 ita
376 3521 521 3593 excoluit,
551 3525 586 3579 ut
615 3521 711 3580 ferme
740 3521 825 3597 quod
854 3520 989 3581 disceret
1022 3519 1096 3578 nihil
1124 3519 1256 3578 ulterius

186 3634 354 3695 superesse
369 3622 542 3696 videretur3
565 3623 712 3699 pietatem
736 3629 839 3684 tamen
862 3629 892 3682 et
914 3623 1087 3699 simplicem
1105 3621 1256 3681 candidae

186 3724 297 3782 mentis
322 3726 489 3799 puritatem
505 3739 668 3801 nunquam
688 3726 832 3799 neglexit,
856 3725 948 3784 etiam
970 3741 1041 3784 cum
1064 3723 1150 3810 libris
1173 3729 1257 3784 totus

187 3824 366 3886 crederetur
381 3842 453 3887 esse
469 3825 646 3886 immersus
685 3826 785 3886 Tanta
800 3828 931 3901 scripsit
956 3825 1061 3886 docuit
1075 3832 1106 3884 et
1121 3826 1257 3896 dictavit,

186 3933 303 4000 quanta
331 3930 361 3988 in
385 3929 511 3990 homine
534 3929 621 3988 rudis
643 3930 710 3989 eius
735 3931 852 3989 saeculi
876 3945 998 3988 omnem
1020 3927 1255 3988 admirationem
