2896 4828
559 346 767 408 -29-

84 536 235 591 unum,
260 521 323 578 inm
345 534 405 576 non
429 524 475 577 est
494 518 678 577 dominicam
702 533 832 578 coenam
855 517 1055 577 manducare.
1104 518 1198 578 onm-

88 624 258 698 quisqne
282 623 360 680 enim
374 637 461 680 suom
484 637 613 680 coenam
630 620 806 696 proesumit
822 619 865 676 oei
885 621 1144 693 manducandam,
1169 627 1199 680 et

96 723 213 780 alins
230 722 352 795 quidem
367 723 473 796 esurit,
499 724 580 780 olias
596 729 698 780 cotem
713 722 817 780 ebrias
839 725 891 778 est.
928 718 1082 796 Numquid
1095 721 1200 782 domos

100 840 190 884 non
217 825 336 884 noletis
359 824 402 882 od
423 823 673 882 manducandum
697 828 727 881 et
749 822 930 881 bibendam?
959 830 1013 882 out
1035 825 1199 883 ecelesiam

44 937 46 942 ’
105 925 186 984 Dei
212 927 412 999 contemnitis,
437 933 467 984 et
490 925 761 999 consentaneos,
785 926 838 998 qui
859 940 920 982 non
942 925 1075 984 lotent‘
1089 926 1118 982 ¹?
1163 923 1201 984 Et

108 1034 200 1101 post
225 1028 322 1086 multa
345 1026 521 1099 subiungit:
553 1026 683 1100 „ltopce
702 1027 824 1099 fratres
847 1027 916 1100 nei,
942 1041 1011 1084 cun
1034 1029 1200 1090 convenitis

109 1131 168 1188 ad
191 1130 457 1202 manducandum,
482 1129 611 1189 invicem
629 1133 802 1204 expectat.
847 1128 883 1188 Si
903 1129 971 1203 quis
993 1129 1202 1204 esuritioni

112 1231 310 1306 manducet,
338 1237 373 1290 nt
400 1247 462 1290 non
490 1233 522 1289 in
549 1230 694 1290 indicium
717 1230 954 1291 conveniatis.“²
999 1229 1036 1289 Et
1060 1231 1201 1306 superius

119 1333 168 1391 de
194 1333 380 1392 inordinatis
410 1334 565 1393 orantium
592 1332 750 1407 gestibusa
771 1333 950 1407 praemittit:
989 1334 1078 1408 „Hoc
1101 1341 1201 1392 cotem

116 1435 308 1511 praecipio,
331 1436 552 1508 nocturnium,
577 1435 661 1509 qnod
674 1451 736 1496 non
756 1437 788 1494 in
804 1436 921 1509 melius,
945 1438 1001 1496 sed
1021 1439 1051 1494 in
1067 1436 1202 1494 deterius

125 1537 356 1596 convenitis.“³
407 1536 496 1598 Unde
533 1536 644 1596 beatus
676 1541 767 1611 pater
799 1535 989 1597 Benedictus
1026 1537 1056 1596 in
1094 1539 1203 1613 regula

125 1637 357 1699 monachorum
384 1639 541 1714 praecipit
570 1645 605 1699 ut
626 1643 799 1700 oratorian
826 1641 886 1700 lioc
910 1643 960 1714 sit,
994 1657 1054 1714 qno
1077 1641 1202 1718 dicitnr,

124 1757 188 1800 nee
211 1737 257 1801 tot
277 1744 443 1816 quicquam
460 1743 548 1802 alind
566 1747 699 1815 perator
715 1746 770 1800 out
791 1742 974 1800 condatur.⁴
1016 1741 1074 1802 Ubi
1097 1747 1202 1802 osten·

127 1839 224 1913 ditur,
247 1844 418 1918 culpabiles
442 1841 518 1904 eosb
542 1859 623 1915 esse,
646 1843 700 1917 qui
723 1843 808 1900 nulla
824 1843 1013 1902 necessitate
1037 1843 1134 1902 coacti
1157 1843 1202 1902 in-

130 1942 230 2017 digne
260 1945 301 2004 ibi
331 1946 536 2016 committunt,
564 1946 615 2004 vel
645 1947 716 2003 loca
739 1950 848 2002 sancta
876 1946 905 2003 in
936 1943 1050 2004 horrea
1073 1950 1104 2003 et
1126 1959 1203 2020 epo·

131 2041 247 2102 thecas
277 2053 472 2117 convertunt,
503 2062 574 2106 cum
600 2045 630 2103 in
660 2045 833 2106 canonibus
860 2061 986 2122 quoque
1016 2047 1141 2120 saepius
1165 2046 1204 2105 sil

134 2145 341 2218 interdictum,
365 2163 404 2206 ne
427 2148 457 2205 in
481 2147 624 2207 ecelesiis
647 2146 791 2206 convivia
813 2149 864 2206 vel
886 2149 1017 2224 prandia
1038 2147 1120 2218 liant,
1144 2150 1203 2209 nisi

137 2247 209 2322 quis
232 2248 350 2308 itineris
373 2249 560 2309 necessitate
584 2254 720 2324 cogetur.

635 2589 704 2658 ΧΗ.

304 2725 357 2794 De
383 2725 510 2794 orandi
533 2726 639 2796 nodis
665 2730 699 2795 et
724 2726 884 2795 distentio
911 2749 1031 2797 coenni.

188 2890 339 2964 ‘Qualiter
354 2900 457 2952 autem
475 2889 626 2954 orandum
650 2895 698 2967 sit,
721 2893 803 2954 idem
819 2902 908 2970 pater
931 2895 1080 2959 brevibus
1096 2895 1203 2955 verbis

146 2999 174 3050 et
193 2992 327 3053 maxime
349 2994 416 3054 istis
441 2997 594 3058 concludit
623 2997 765 3058 dicensi:
805 2998 931 3072 „Brevis
954 3007 985 3058 et
1006 3016 1094 3076 puro
1116 2999 1205 3058 debet

207 3158 283 3222 ⁸M¹‚
301 3162 387 3226 gestis.
407 3193 438 3200 -
457 3149 469 3189 b
487 3180 526 3224 oe,
544 3179 587 3215 eos
605 3153 755 3229 culpabiles.

211 3312 313 3365 ¹lCor.
332 3314 376 3376 xl,
388 3317 420 3368 20
431 3331 486 3382 sqq.
504 3346 538 3354 -
557 3319 567 3354 ²
586 3315 663 3368 lCor.
681 3317 722 3380 xl,
740 3317 772 3370 33
791 3322 815 3368 et
833 3321 873 3370 34.
892 3345 926 3356 -
945 3322 955 3356 ³
974 3318 1051 3369 lCor.
1064 3317 1104 3382 Xl,
1119 3322 1205 3372 17.-

149 3401 159 3436 ⁴
174 3397 267 3462 Regula
280 3415 300 3450 s.
312 3399 406 3450 Bened.
418 3415 439 3452 c.
450 3404 490 3453 52.
509 3428 542 3438 -
562 3406 573 3440 ὅ
590 3401 691 3466 Regula
708 3419 727 3453 s.
740 3402 871 3453 Benedicti
889 3417 927 3466 cp.
937 3401 990 3452 XX.
1019 3400 1062 3463 „Si
1079 3417 1138 3452 cum
1157 3403 1205 3454 ho·

150 3481 250 3534 minibus
273 3484 419 3548 potentibus
441 3483 562 3536 volumus
581 3486 668 3550 aliqua
685 3501 832 3550 suggerere,
858 3502 909 3537 non
931 3487 1129 3552 praesumimus,
1155 3488 1205 3538 nisi

151 3577 199 3614 cum
217 3565 360 3618 humilitate
382 3574 406 3620 el
427 3571 580 3622 reverentia:
603 3574 698 3635 quanto
721 3571 804 3634 magis
823 3569 932 3619 Domino
950 3570 1002 3621 Deo
1025 3572 1205 3622 universorum

153 3653 285 3702 cumomni
303 3653 447 3706 humilitate
464 3660 488 3705 et
509 3655 624 3720 puritatis
642 3654 778 3706 devotione
800 3653 997 3719 supplicandum
1019 3657 1071 3705 esti
1105 3655 1137 3704 Et
1154 3672 1205 3706 non

152 3733 353 3802 inmultiloquio,
375 3739 463 3790 sedin
481 3741 589 3804 puritate
610 3739 693 3790 cordis
715 3744 740 3790 et
760 3740 955 3804 compunctione
977 3737 1140 3789 lacrimarum
1159 3757 1205 3792 nos

152 3819 257 3871 exaudire
276 3823 395 3874 sciamus.
430 3823 461 3873 Et
485 3823 542 3874 ideo
564 3823 650 3875 brevis
674 3824 749 3875 debet
764 3840 820 3875 esse
838 3829 862 3874 et
879 3839 943 3888 pura
961 3822 1052 3885 oratio,
1075 3821 1125 3872 nisi
1143 3823 1205 3875 lorte

153 3916 179 3951 ex
193 3901 277 3955 ellectu
294 3907 468 3973 inspirationis
486 3908 589 3959 divinae
606 3909 703 3973 gratiae
720 3909 909 3974 protendetur.“
