2896 4828
580 399 791 458 „43-

146 575 176 626 et
200 565 231 626 in
258 575 384 644 quarto:
406 570 535 642 „offerri
555 584 615 626 non
640 569 735 626 liceat
758 569 877 643 aliquid
899 570 942 626 uri
963 572 1068 628 altore
1085 574 1219 645 praeter

144 687 245 730 nouus
268 673 371 746 spicas
394 678 424 728 et
445 687 530 743 uvas,
555 674 585 728 et
608 671 708 727 oleum
732 671 775 728 acl
797 671 981 743 lurninurio,
1006 681 1038 729 et
1060 672 1218 730 thimiama

144 773 178 829 id
201 779 251 830 est
272 775 444 845 incensum,
474 779 611 845 tempore
638 788 698 846 quo
725 778 836 830 sanctu
869 772 1049 830 celebratur
1076 769 1217 831 oblatio.“

144 872 228 930 Dum
260 890 333 947 ergo
363 874 518 950 quaedam
546 871 761 946 prohibentur,
795 872 898 932 offerri
931 873 1105 933 ostenditur
1137 889 1173 932 ea
1200 889 1218 931 a
1282 935 1285 942 ,

144 974 339 1049 quibusdam
363 975 436 1034 licet
458 973 702 1032 extraordinarie
726 973 936 1035 oblationibus
965 975 1110 1045 adhibita,
1133 975 1226 1033 unde,

143 1075 337 1148 EuticianuS,
360 1077 529 1136 vicesimus
553 1077 704 1134 octavus1
720 1076 803 1136 sedis
819 1092 967 1138 romanae
986 1080 1119 1152 praesul,
1145 1093 1218 1136 con-

143 1178 281 1238 stituit2:
306 1180 411 1256 fruges
435 1192 528 1249 super
550 1178 650 1236 altare
673 1183 790 1238 tanturn
814 1177 904 1236 labae
926 1183 956 1235 et
971 1193 1051 1236 uvae
1069 1177 1218 1250 benedici,

142 1283 174 1336 et
209 1278 294 1339 haec
328 1279 636 1350 ideircolortasse,
666 1279 739 1354 quia
770 1281 843 1339 rino
878 1278 1039 1352 sanguinis
1073 1279 1217 1339 dominici

142 1382 330 1456 mysterium
360 1382 548 1456 celebratur,
581 1383 652 1440 laba
678 1397 754 1440 vero
788 1381 1008 1441 abstinentium
1042 1381 1130 1442 cibus
1159 1387 1216 1440 est.

143 1481 234 1542 Alias
260 1490 364 1542 autem
388 1483 584 1544 diversarum
601 1483 723 1557 speeies
738 1499 841 1542 rerum
858 1489 1007 1543 statutum
1024 1489 1073 1542 est
1087 1482 1218 1542 ubilibet

142 1582 292 1645 benedici
315 1601 333 1643 a
356 1584 583 1658 sacerdotibus,
605 1585 656 1643 rel
678 1586 704 1644 si
722 1587 761 1644 ad
778 1587 876 1644 altare
892 1585 1105 1645 benedicenda
1121 1602 1217 1660 quae-

142 1686 220 1746 libet
238 1687 426 1760 deierantur,
448 1687 576 1762 speciali
596 1686 813 1748 benedictione
829 1704 848 1746 a
864 1688 1102 1747 consecratione
1118 1688 1217 1746 dorni-

141 1787 286 1848 nicorum
316 1795 581 1849 sacramentorum
610 1788 796 1849 omnimodis
825 1787 1042 1859 discernenda,
1066 1795 1112 1860 ut,
1136 1791 1218 1848 sicut

143 1907 200 1963 pro
225 1891 396 1952 innumeris
419 1893 496 1967 legis
521 1889 675 1949 mandatis
704 1890 878 1948 breviatum
904 1890 1058 1963 evangeiii
1084 1891 1215 1949 verbum

143 1991 299 2054 Dominus
322 1994 393 2052 lecit
416 2008 511 2067 super
534 1999 660 2067 terram,
688 1991 730 2050 ita
751 2008 809 2066 pro
838 1991 971 2051 diversis
995 1991 1214 2050 sacrificiorum

141 2094 259 2153 ritibus
284 2097 417 2171 simplex
440 2095 555 2154 oblatio
580 2093 667 2167 panis
691 2099 721 2151 et
743 2093 803 2151 vini
827 2092 971 2152 fidelibus
995 2091 1139 2162 sulficiat,
1163 2095 1216 2169 qui

138 2211 201 2255 non
233 2195 261 2252 in
290 2196 485 2255 multitudine
515 2195 693 2253 umbrarum
723 2195 934 2268 apparituram
959 2200 1114 2270 quaerunt
1135 2195 1215 2252 veri-

139 2303 257 2368 tatem,
290 2298 345 2358 sed
379 2313 446 2356 earn
481 2297 511 2355 in
544 2296 794 2356 manifestatione
826 2297 973 2356 laetorum
1007 2300 1114 2354 tenent
1144 2313 1214 2372 per-

140 2399 299 2476 spicuam.
336 2397 422 2457 Unde
446 2400 642 2475 quorundam
663 2399 848 2473 simplicium
867 2415 953 2458 error
969 2399 1006 2456 de
1023 2398 1214 2458 iudaicarum

142 2501 404 2580 superstitionum
422 2500 589 2562 seminario
612 2506 704 2560 natus
728 2509 757 2561 et
780 2503 818 2560 ad
836 2508 945 2562 nostra
959 2515 1061 2575 usque
1077 2505 1219 2574 tempora

141 2601 300 2677 quaedam
335 2603 501 2662 vetustatis
537 2603 670 2676 vestigia
705 2604 893 2674 extendens,
928 2603 995 2678 iarn,
1027 2617 1066 2660 ex
1106 2617 1219 2675 magna

142 2710 237 2780 parte
267 2704 451 2779 sapientium
483 2704 586 2763 studio
618 2719 817 2780 compressus
846 2711 909 2776 cst,
940 2711 970 2762 et
991 2703 1092 2762 sicubi
1115 2702 1219 2762 adhuc

220 2942 229 2975 ¹
247 2939 323 2988 Recte
341 2936 442 2988 XXVII.
478 2937 544 2987 Ordo
566 2937 659 2990 Pontii.
682 2938 790 2988 Roman.
815 2953 892 3003 quem
916 2943 1029 2988 recenset
1051 2938 1218 3000 Walalridus,

143 3022 228 3075 falsus
247 3028 294 3082 est,
313 3022 374 3087 quia
395 3022 464 3085 ipse,
488 3025 524 3072 uti
546 3027 608 3073 tunc
631 3027 655 3074 et
672 3038 754 3087 usque
779 3023 811 3073 ad
833 3027 919 3072 nostra
937 3024 988 3073 lere
1005 3027 1122 3087 ternpore
1139 3024 1218 3073 moris

144 3113 207 3170 erat,
227 3106 362 3170 distinguit
379 3106 444 3155 inter
463 3105 561 3157 Cletum
574 3111 598 3157 et
612 3106 793 3158 Aneneletum.
824 3106 873 3160 Cir.
886 3107 1032 3168 Duchesne,
1044 3107 1119 3158 Liber
1130 3109 1218 3172 pontii.

145 3191 284 3242 introduct.
303 3205 327 3253 p.
347 3191 388 3242 69.
407 3219 438 3227 —
460 3193 470 3227 ²
488 3191 523 3241 De
539 3179 701 3253 Eutichianc,
720 3206 786 3256 papa
803 3195 946 3254 tto—28³,
965 3193 1040 3244 refert
1052 3192 1116 3245 liber
1133 3194 1217 3258 ponti·

145 3274 243 3326 llealis:
272 3275 335 3336 „Hic
357 3275 498 3336 constituit,
526 3281 553 3325 ut
579 3275 666 3340 fruges
690 3291 766 3340 super
789 3276 867 3327 altare
890 3282 987 3328 tanturn
1010 3277 1084 3329 fabae
1106 3282 1130 3328 et
1153 3294 1218 3329 uvae

148 3359 289 3410 benedici.“
326 3357 470 3422 Duchesne,
489 3359 564 3410 Liber
575 3361 662 3424 pontii.
676 3360 694 3421 Ι,
712 3377 737 3425 p.
752 3363 807 3414 159.
838 3361 866 3411 ln
878 3364 1075 3414 sacramentario
1087 3363 1218 3427 gelasiano

148 3442 251 3504 (Murat.
269 3442 375 3508 liturgia
396 3459 503 3494 romana
521 3449 594 3494 uetus
612 3445 630 3504 l,
644 3446 692 3496 588
711 3449 734 3496 et
753 3444 811 3512 746)
832 3446 966 3498 exhibetur
985 3449 1064 3498 oratio
1082 3448 1114 3498 ad
1132 3449 1219 3512 fruges

147 3542 229 3577 novas
250 3527 440 3579 benedicendas
463 3529 489 3577 in
513 3529 576 3578 festo
601 3531 768 3580 Ascensionis
792 3531 896 3581 Domini
923 3533 1052 3597 sequentis
1078 3531 1216 3582 formulae:

151 3611 285 3674 ,Benedic
304 3611 420 3676 Domine,
439 3612 486 3663 hos
504 3614 600 3663 fruetus
619 3629 700 3664 novos
718 3629 784 3664 uvae
802 3616 857 3666 sive
868 3615 954 3668 labae:
973 3632 1036 3682 quos
1049 3621 1084 3679 tu,
1103 3616 1218 3680 Domine,

148 3709 193 3757 per
218 3712 301 3746 rorem
328 3697 391 3749 caeli
419 3702 443 3749 et
469 3698 647 3748 inundantiam
669 3697 817 3762 pluviarum
842 3705 866 3749 et
888 3706 1002 3765 tempora
1028 3715 1117 3750 serena
1142 3705 1217 3767 atque

148 3780 286 3846 tranquilla
305 3782 336 3832 ad
356 3785 526 3834 maturitatem
543 3784 682 3848 perducere
700 3783 820 3848 dignatus
839 3801 865 3835 es
883 3785 916 3835 ad
933 3785 1126 3849 percipiendum
1144 3786 1217 3837 nobis

148 3877 206 3914 eum
225 3867 366 3930 gratiarum
385 3870 491 3932 actione,
509 3869 536 3918 in
554 3869 659 3919 nomine
670 3867 774 3919 Domini
792 3870 871 3919 nostri
889 3868 945 3920 lesu
964 3868 1064 3933 Christi,
1083 3885 1216 3935 perquem

148 3947 211 4001 haec
229 3953 316 4001 ornnia
333 3952 558 4018 Domine‘semper
575 3952 666 4004 bona.“
