2956 4766
598 374 805 434 -77..

165 543 292 616 tahant;
314 549 344 602 ct
366 543 426 603 hoc
448 544 587 603 maxima
609 545 710 604 noctis
726 549 824 619 parte
837 545 994 618 facientes
1010 545 1149 604 diluculo
1166 561 1235 604 curn

165 647 239 721 ipsis
262 646 439 720 antiphonis
455 663 523 724 ¹per
551 645 682 705 mediam
711 647 866 705 ciuitatem
896 648 1014 718 opressi
1037 652 1167 721 portam
1195 647 1238 705 ad

163 745 252 806 suam
280 749 443 806 ecclesiam
475 749 714 807 concurrebant.
765 748 898 821 Cumque
926 747 986 807 hoc
1010 748 1122 808 crebro
1146 749 1238 822 quasi

165 849 210 908 ad
240 849 499 923 vituperationem
539 850 786 909 orthodoxorum
819 851 935 922 facere
973 865 1033 908 uon
1067 858 1236 919 cessarent,

162 953 350 1025 frequenter
372 952 452 1009 enim
476 953 571 1010 etiam
594 951 654 1012 hoc
678 951 864 1011 cantabant:
886 952 940 1010 ulti
953 958 1032 1028 sunt,
1057 953 1111 1027 qui
1132 953 1238 1010 dicunt

167 1055 269 1110 trino³
295 1053 409 1112 uirtute
437 1070 529 1111 unum
541 1054 559 1121 ¹,
595 1058 670 1136 tunc
695 1053 843 1120 Ioannes,
878 1069 915 1110 ne
946 1054 1101 1127 simplices
1134 1053 1237 1113 huius-

88 1177 98 1194 ·
165 1152 249 1214 modi
276 1153 418 1214 cantibus
447 1155 663 1224 traherentur,
693 1155 825 1213 instituit
851 1170 937 1212 suum
963 1157 1129 1228 populum,
1152 1161 1186 1214 ut
1207 1162 1238 1215 et

165 1258 226 1330 ipsi
257 1257 418 1315 nocturnis
451 1262 684 1330 occuparentur
714 1257 827 1332 ymnis,
862 1261 1013 1328 quatenus
1046 1263 1077 1316 et
1112 1259 1237 1316 illorum

165 1357 392 1418 obscuraretur
402 1373 479 1431 opus
492 1364 521 1416 et
530 1359 670 1428 fidelium
678 1359 835 1431 professio
845 1357 1079 1428 firmaretur.“2
1095 1355 1237 1416 Studium

166 1474 241 1534 ergo
271 1458 398 1516 Ioannis
429 1458 517 1517 nimis
547 1459 636 1528 utile,
669 1474 737 1518 cum
767 1459 860 1518 turba
886 1459 1094 1535 periculisque
1117 1457 1237 1517 finitum

164 1567 222 1620 est.
267 1559 353 1619 Haec
381 1560 411 1618 in
442 1559 563 1619 decimo
591 1560 670 1620 libro
698 1558 847 1620 historiae
879 1562 1126 1636 ecclesiastieae,
1157 1577 1238 1636 quae

165 1662 320 1738 tripartita
343 1661 468 1733 dicitur,
495 1663 538 1721 ita
566 1658 731 1731 somniari,
755 1663 887 1738 quibusss
911 1671 941 1723 ct
963 1663 1024 1724 hoc
1048 1665 1239 1724 subnectitur

166 1763 261 1838 paulo
283 1763 427 1822 interius:
454 1763 643 1839 „Dicendum
669 1772 770 1824 tamen
786 1771 840 1835 est,
863 1767 944 1826 unde
959 1769 1088 1841 sumpsit
1110 1767 1238 1837 initium,

165 1866 253 1924 utin
275 1867 411 1926 ecclesia
427 1867 618 1940 antiphonae
635 1868 855 1926 decantentur:
877 1868 1026 1940 Ipnatius‚
1050 1867 1238 1927 Antiochiae

167 1966 282 2042 Syriae
305 1970 413 2026 tertius
430 1973 506 2041 post
528 1970 700 2042 apostolum
723 1967 848 2026 Petrum
872 1970 1045 2042 episcopus,
1069 1969 1124 2042 pui
1145 1971 1235 2027 etiam

166 2085 236 2128 cum
269 2071 343 2142 ipsis
376 2069 509 2142 depedat
546 2071 708 2144 apostolis,
748 2069 824 2129 uidit
862 2070 1045 2140 aneatorum
1082 2071 1236 2140 visionem,

166 2171 318 2242 quontodo
335 2166 418 2245 perd
441 2174 628 2246 antiphonas
650 2177 780 2230 sanctae
804 2173 939 2230 trinitati
955 2171 1100 2231 dicebant
1121 2188 1237 2246 ymnos,

165 2271 253 2344 isque
293 2272 416 2330 modum
458 2274 583 2333 visionis
624 2273 838 2333 antiochenae
880 2275 1046 2332 tradidisse
1084 2274 1239 2347 prodatur

166 2373 320 2434 ecclesiae
336 2377 421 2433 etex
438 2376 497 2434 hoc
513 2375 557 2433 ad
572 2381 702 2436 cunctos
719 2375 864 2434 transicit
879 2373 1081 2436 ecclesias.“3
1125 2374 1238 2433 Notan-

166 2474 243 2534 dum
266 2479 380 2547 autem,
403 2490 520 2550 ymnos
543 2475 602 2536 dici
626 2493 685 2536 non
709 2482 838 2548 tantum,
863 2477 914 2552 qui
930 2476 1037 2536 metris
1052 2478 1102 2535 vel
1118 2475 1238 2536 rithmis

168 2575 346 2648 decurrunt,
377 2578 487 2653 quales
518 2584 764 2653 composuerunt
791 2577 976 2639 Ambrosius
1011 2584 1058 2638 ete
1091 2574 1238 2648 Hilarius,

168 2677 256 2736 Beda
290 2679 465 2756 Anglorum
509 2676 692 2757 presbyterf
731 2687 762 2740 et
799 2679 986 2741 Prudentius
1020 2680 1238 2760 Hispaniarum

169 2781 355 2840 scolasticus
373 2786 403 2840 et
426 2781 476 2840 alii
499 2781 595 2852 multi,
618 2799 727 2841 verum
752 2782 845 2842 etiam
869 2787 1010 2842 caeteras
1033 2785 1239 2856 laudationes,

170 2897 251 2956 quae
275 2882 381 2942 verbis
413 2883 669 2943 convenientibus
694 2889 725 2943 et
746 2884 833 2944 sonis
865 2884 1006 2944 dulcibus
1030 2885 1239 2961 proteruntur3

169 2983 251 3042 unde
282 2990 313 3044 et
339 2986 418 3044 liber
445 2987 636 3059 psalmorum
670 2985 752 3060 apud
783 2984 944 3045 Hebraeos
968 2988 1045 3045 liber
1074 3003 1240 3064 ymnorum

168 3091 309 3147 vocatur.
354 3086 393 3146 m
415 3088 560 3164 quamvis
584 3089 614 3146 in
639 3087 828 3161 quibusdam
852 3088 991 3148 ecclesiis
1014 3088 1099 3164 ymni
1122 3089 1240 3149 metrici

168 3201 231 3246 nou
265 3193 442 3259 cantentur,
473 3195 577 3248 tameo
605 3191 635 3248 in
665 3189 810 3248 omnibus
838 3191 1001 3264 generales
1023 3191 1118 3266 ymni,
1140 3191 1241 3250 idest

168 3289 279 3348 laudes
303 3291 454 3351 dicuntur.
500 3290 677 3352 Cantandos
700 3292 793 3351 etiam
816 3292 899 3365 illos,
922 3293 979 3367 qui·
998 3293 1133 3367 legitime
1157 3309 1240 3353 oom-

169 3398 340 3466 ponuntur,
368 3395 498 3453 toletani
521 3395 671 3454 autoritas
694 3393 814 3453 concilii
837 3394 988 3452 ostendit4
1011 3394 1090 3454 inter
1112 3396 1172 3455 alia
1196 3397 1241 3456 sio

168 3493 374 3500 ”““’“
1101 3512 1115 3553 u

237 3525 250 3552 ὃ
267 3541 306 3586 oe,
324 3525 379 3575 tria.
406 3553 439 3562 —
465 3513 534 3589 boe,
552 3527 706 3578 inseruntur.
732 3553 765 3564 -
793 3525 860 3590 coe,
880 3525 1026 3592 inquibus.
1050 3554 1083 3564 -

169 3623 221 3672 per.
240 3637 272 3646 -
291 3607 303 3634 θ
322 3625 360 3672 oe,
378 3625 429 3662 om.
448 3614 479 3662 et.
499 3639 530 3660 η-
549 3595 614 3672 foe,
634 3615 711 3675 pater.

169 3715 240 3719 .-.-
281 3715 320 3720 ὑ,
429 3718 439 3721 -
453 3719 495 3722 ..κ
988 3715 1240 3724 ——---—--—.-

1133 3542 1170 3589 oe,
1189 3543 1241 3580 orn.

243 3765 252 3797 1
270 3760 377 3814 Graece:
391 3765 443 3813 ποῦ
457 3760 520 3814 εἰσὶν
534 3761 558 3813 oi
571 3761 696 3830 λέγοντες
710 3761 743 3812 τὰ
756 3761 816 3831 τρία
830 3761 890 3830 μίαν
904 3761 1022 3833 δύναμιν.
1041 3794 1071 3802 -
1094 3763 1240 3829 isocrates,

170 3844 234 3896 Hist.
252 3845 313 3898 eccl.
333 3847 348 3900 l.
368 3848 411 3911 Vl,
430 3863 469 3914 cp.
488 3849 511 3900 8.
542 3877 572 3885 -
598 3845 725 3898 ³Socrat.
743 3846 760 3897 i.
778 3863 799 3899 c.
825 3877 856 3886 -
882 3848 1005 3900 ⁴Concil.
1024 3848 1093 3901 tolet.
1111 3849 1153 3899 lV.
1172 3864 1240 3900 anno

170 3932 219 3982 633
238 3929 395 3982 celebratum
414 3948 469 3983 can.
487 3931 548 3984 Xlll.
585 3930 635 3983 Cir.
653 3947 710 3997 sup.
729 3947 787 3996 pag.
808 3934 848 3995 76,
866 3938 926 3984 nota
945 3937 967 3984 2.
