2896 4828
558 337 784 418 -23-'

95 534 328 596 similitudine
352 530 559 602 nutabundus,
589 529 665 588 inter
696 533 837 588 caeteras
866 525 1034 586 vanitatum
1067 539 1195 585 suarum

95 636 259 710 ineptias
275 633 403 710 cupiens
423 647 584 704 renovare,
608 634 775 706 antequam
792 629 984 688 diversorum
1002 634 1109 688 contra
1123 641 1193 688 eum

103 737 327 798 scribentium
351 735 461 796 iaculis
485 732 724 808 perfoderetur1,
748 747 806 790 sno
830 729 944 788 iudioio
961 731 1126 794 damnatus
1149 732 1196 790 in·

104 841 222 912 teriit;
247 845 278 898 et
293 840 435 910 fortasse,
459 836 510 912 qui
527 833 722 908 imperatoris
738 831 875 892 fidelium
890 831 984 892 veluti
1004 831 1032 889 in
1051 843 1195 894 nummoa

109 936 329 1015 contempsitb
362 939 545 1014 imaginem,
579 940 651 994 ante
684 935 816 995 tribunal
852 932 950 1007 ipsius
982 936 1194 1006 protervitatis

108 1057 201 1100 suae
229 1037 347 1116 pariter
373 1047 403 1100 et
432 1037 654 1114 inquietudinis
683 1051 801 1112 poenas
830 1035 955 1094 exolvit
1001 1038 1066 1096 Non
1099 1039 1195 1099 enimc

108 1144 223 1202 levem
252 1142 398 1202 iniuriam
428 1141 543 1201 saeculi
576 1145 719 1215 potentes
749 1137 807 1198 sibi
836 1137 985 1212 putabant
1014 1139 1139 1211 illatam,
1168 1141 1194 1200 si

107 1243 290 1320 imaginem
315 1257 404 1302 suam
428 1243 479 1300 vel
500 1257 611 1301 nomen
635 1242 665 1299 in
690 1239 829 1318 quolibet
851 1237 1059 1300 nomismate‘l
1080 1257 1099 1300 a
1122 1241 1194 1302 sub·

112 1348 213 1408 lectis
247 1344 366 1420 despici
398 1343 599 1420 cognoverint
633 1350 664 1404 et
697 1344 818 1404 calcari.
873 1342 938 1403 Non
973 1347 1086 1415 autem,
1122 1344 1195 1420 quia

114 1448 260 1524 populus
287 1445 405 1507 Israhel
433 1445 461 1504 in
491 1445 615 1504 deserto
647 1447 697 1505 vel
725 1445 913 1506 Hieroboam
943 1461 1000 1506 rex
1027 1446 1193 1506 vitulorum

115 1549 326 1610 fabricatione
351 1549 447 1609 Deum
472 1545 693 1619 offenderantf,
722 1563 855 1624 serpens
885 1564 1012 1618 aeneus
1039 1562 1131 1621 quem
1154 1564 1194 1606 ex

113 1652 212 1712 iussu
231 1651 349 1713 Domini
366 1652 493 1727 Moyses
516 1650 596 1722 fecit,
619 1651 868 1711 contemnendus
891 1657 967 1723 crat,
991 1650 1106 1726 quippe
1123 1665 1193 1710 cum

113 1755 262 1826 percussi
280 1770 303 1813 a
325 1753 428 1813 verise
451 1752 649 1827 serpentibus
678 1753 851 1828 imaginarii
877 1753 1029 1827 serpentis
1056 1760 1193 1812 contern-

115 1855 260 1928 platione
284 1856 500 1928 sanarenturss,
527 1861 631 1929 quem,
655 1855 728 1929 quia
757 1855 891 1930 populus
915 1869 1039 1930 semper
1062 1854 1101 1912 ad
1125 1854 1193 1912 ido-

116 1952 257 2015 latriamf
272 1959 417 2030 proclivis
430 1944 629 2032 postmodum
644 1957 779 2030 quadam
793 1956 1015 2031 superstitiosa
1026 1959 1193 2014 veneratus

118 2062 171 2114 est
199 2057 359 2129 religione,
390 2056 551 2130 Ezechias,
579 2074 635 2115 rex
657 2058 760 2115 Juda⁴
785 2057 1050 2130 religiosissimus,
1081 2056 1194 2129 iegitur

120 2158 283 2232 fregisses
325 2157 407 2231 Ergo
437 2174 506 2217 cum
536 2158 723 2218 christianus
752 2160 888 2235 populus
909 2165 998 2218 tanta
1026 2159 1066 2218 sit
1095 2158 1124 2216 in
1149 2158 1193 2216 di·

120 2258 205 2320 vinis
234 2259 331 2319 rebus
355 2259 511 2320 docilitate
540 2261 570 2318 in
598 2258 746 2320 interiora
775 2261 947 2336 sapientiae
971 2259 1119 2336 spiritalis
1146 2261 1192 2319 in-

121 2361 234 2421 ductus
256 2361 410 2435 cellarial,
433 2367 474 2435 ut,
505 2378 563 2422 non
589 2362 686 2421 dicam
716 2359 874 2438 picturash
897 2368 928 2422 ct
951 2363 1112 2438 imagines,
1135 2363 1191 2424 sed

122 2479 161 2522 ne
183 2462 269 2539 ipsos
294 2464 418 2540 quidem
442 2471 567 2526 sanctos
596 2462 748 2538 homines,
775 2465 866 2525 vivos
893 2468 942 2525 vel
967 2471 1115 2538 mortuos
1146 2464 1191 2524 di-

122 2565 200 2624 vinis
224 2565 332 2626 credat
355 2566 501 2626 colendos
531 2565 702 2626 honoribus
725 2568 776 2626 vel
799 2568 985 2628 adorandos.
1030 2568 1190 2642 Rogamus

125 2667 204 2727 enim
233 2675 369 2740 sanctos,
402 2685 464 2728 non
495 2675 530 2730 ut
561 2669 619 2745 ipsi
651 2675 810 2743 praestent
838 2686 893 2745 per
917 2686 961 2743 se,
994 2686 1072 2748 quae
1098 2670 1189 2730 saluti

125 2775 247 2828 nostrae
276 2772 454 2832 necessaria
486 2776 566 2844 sunt,
599 2771 655 2830 sed
687 2778 719 2830 ut
751 2771 790 2830 ab
823 2780 950 2833 auctore
980 2774 1139 2844 bonorum,
1173 2785 1191 2828 a

129 2884 188 2943 quo
210 2877 258 2928 cst
279 2887 383 2942 „omne
398 2873 504 2932 dotum
522 2876 666 2947 optimum
683 2883 712 2933 et
727 2892 814 2936 omne
830 2876 940 2935 donum
960 2876 1188 2951 perfecturam,

191 3017 287 3082 ⁸m1n,
311 3035 424 3072 numero.
443 3008 508 3060 —b
534 3022 583 3085 ml,
609 3026 766 3089 conscripsit.
785 3052 818 3061 —
837 3023 848 3050 ⁰
866 3023 917 3088 M1,
942 3025 1043 3074 etenim.
1063 3008 1127 3061 -d
1151 3038 1189 3085 oe,

129 3103 283 3154 numismate.
301 3133 336 3142 --
353 3119 364 3146 e
382 3105 429 3168 M1,
447 3108 551 3158 severis.
569 3137 600 3145 —
619 3093 692 3171 fM1,
714 3111 741 3158 in
765 3109 854 3161 idolol.
873 3137 906 3146 -
925 3107 941 3149 ff
958 3107 1004 3171 Ml,
1025 3109 1188 3174 confregisse.

127 3211 158 3226 ·-
174 3173 186 3212 ¹¹
202 3204 241 3251 oe,
258 3189 392 3253 picturam.
477 3226 480 3238 .

129 3321 219 3388 laqueis
235 3325 342 3376 irretitos
360 3341 424 3378 esse.
454 3327 586 3379 Refutatus
604 3333 669 3379 esta
685 3329 803 3394 pluribus
816 3331 877 3380 viris
896 3331 1072 3381 ecclesiasticis
1090 3334 1117 3383 in
1130 3337 1189 3382 nota

132 3408 235 3473 sequenti
253 3411 401 3464 nominatis.
930 3409 933 3416 ¹

192 3490 210 3562 ¹)
226 3492 332 3546 Errores
350 3493 451 3548 Claudii
471 3497 613 3549 refutabant
631 3497 805 3563 Theutmirus,
829 3501 908 3553 abbas
926 3500 1089 3554 Psalmodiae
1108 3501 1188 3566 (Dioc.

132 3574 230 3643 llismes)
241 3584 265 3628 et
275 3579 362 3646 Jonas,
379 3584 515 3650 episeopus
528 3582 713 3636 aurelianensis
727 3583 890 3653 (sat-843),
908 3587 937 3637 in
954 3591 1060 3638 tractatu
1072 3602 1130 3638 suo:
1152 3587 1188 3638 De

134 3659 191 3712 cultu
206 3663 350 3728 imaginum
369 3665 412 3718 lib.
433 3665 463 3716 lll
480 3665 606 3734 (biblioth.
623 3668 673 3721 ΡΡ.
691 3685 759 3721 max.
778 3676 794 3721 t.
812 3669 895 3739 XlV);
914 3670 1002 3736 Migne
1020 3688 1040 3722 s.
1060 3672 1076 3722 l.
1095 3675 1111 3723 t.
1130 3674 1186 3725 106.

134 3773 160 3782 —
177 3747 277 3800 ²Exod.
291 3748 389 3813 XXXll,
408 3753 489 3815 4sqq.
508 3749 538 3802 lll
551 3752 614 3816 Reg.
627 3751 678 3817 Xll,
696 3757 728 3808 28
739 3770 793 3820 sqq.
813 3784 844 3793 -
863 3755 962 3807 8Νυῑη.
975 3755 1040 3819 xxi,
1060 3758 1140 3822 tsqq.
1154 3786 1187 3795 -

134 3829 187 3965 *ἓν
203 3831 264 3967 ze?
290 3831 388 3895 xvlll,
400 3835 424 3884 4.
452 3861 484 3872 -
512 3837 523 3871 ὕ
545 3831 725 3900 Suppleudum
752 3840 853 3890 videtur
879 3841 906 3890 fit
933 3841 986 3891 sive
1014 3842 1135 3907 sequitur.
1154 3869 1188 3882 -

135 3917 145 3952 ⁶
170 3930 208 3966 aco
252 3919 318 3978 ,1t.
