2956 4766
581 463 792 522 ..97-

153 632 255 693 idibus
288 633 513 695 Decembribus
545 633 724 692 triduanum
764 639 938 693 statuerunt
973 633 1132 708 ieiunium,
1170 634 1222 695 alii

153 734 302 795 Kalendis
326 734 579 796 Novembribusn
624 733 799 793 Notandum
831 733 947 808 autem,
977 737 1131 796 laetanias
1162 754 1222 797 non

153 841 271 897 tanturn
305 836 365 896 dici
396 839 479 899 illam
514 838 725 898 recitationem
758 837 931 914 nominum,
966 855 1027 915 qua
1060 839 1159 899 sancti
1194 839 1224 899 in

154 938 338 1000 adiutorium
355 947 510 1000 vocantur
524 939 708 999 infirmitatis
724 938 889 1012 humanae,
912 940 967 1000 sed
991 941 1083 1000 enam
1102 946 1222 1012 cuncta,

154 1055 236 1114 quae
257 1037 307 1100 inb
321 1041 602 1118 supplicationibus
618 1041 704 1115 liunt,
728 1041 926 1116 rogationesc
949 1045 1109 1119 appellari.
1147 1044 1225 1103 Lae·

153 1139 278 1202 taniaed
309 1151 412 1202 autem
446 1151 624 1204 sanctorum
658 1144 814 1204 nominum
849 1151 961 1219 postea
991 1146 1162 1208 creduntur
1195 1147 1225 1204 in

153 1258 245 1304 usum
269 1252 461 1320 assumptae,
485 1260 577 1321 quam
596 1247 804 1323 Hieronymus
825 1247 1079 1325 martyrologium
1096 1253 1225 1309 secutus

153 1345 323 1408 Eusebium
346 1347 582 1423 Caesariensem
607 1365 662 1425 per
682 1350 753 1408 anni
777 1349 926 1409 circulum
950 1350 1136 1426 conscripsit
1148 1351 1165 1426 ¹,
1189 1364 1227 1409 ea

154 1448 321 1508 occasione
347 1449 385 1508 ab
415 1450 571 1526 episcopis
596 1450 772 1512 chromatio
801 1458 832 1511 et
857 1452 1022 1513 Heliodoro
1051 1451 1124 1512 illud
1149 1467 1227 1526 opus

154 1558 285 1624 rogatus
302 1567 491 1627 componere
500 1551 521 1624 ²,
546 1553 619 1630 quia
634 1554 840 1625 Theodosius,
857 1555 1025 1630 religiosus
1049 1554 1227 1631 imperator,

156 1651 185 1710 in
210 1653 340 1714 concilio
369 1654 586 1731 episcoporum
618 1641 756 1715 laudavit
778 1654 970 1730 Gregorium
1000 1656 1228 1717 cordubensem

156 1754 353 1831 episcopum,
381 1758 464 1833 quod
493 1759 575 1818 omni
603 1758 652 1817 die
676 1759 790 1817 missas
817 1759 980 1834 explicans
1010 1774 1117 1818 eorum
1147 1775 1228 1818 mar-

155 1862 272 1932 tyrum,
303 1874 436 1933 quorum
466 1862 604 1920 natalitia
628 1867 743 1932 essent,
774 1860 900 1918 nomina
932 1861 1062 1936 plurima
1092 1877 1228 1922 comme-

156 1966 302 2020 moraret.

643 2267 748 2337 XXX.

500 2436 554 2504 De
580 2458 670 2528 aquo
696 2437 893 2528 sparsionis.

223 2641 349 2714 Aquam
380 2640 554 2714 sparsionis
583 2655 654 2699 cum
682 2642 749 2699 sale
774 2639 917 2699 benedici
939 2643 970 2697 ct
991 2639 1021 2697 in
1045 2611 1231 2696 habitaculis

159 2741 296 2802 fidelium
327 2742 447 2817 spargi,
481 2743 660 2802 Alexander
690 2758 770 2818 papa
801 2742 985 2802 constituit³
1034 2741 1120 2802 Sicut
1150 2739 1229 2799 enim

229 2905 242 2932 ⁸
260 2923 298 2968 oe,
316 2908 505 2960 Decembribus.
530 2938 563 2946 -
587 2896 658 2973 b=oe,
682 2926 733 2961 om.
753 2911 787 2960 in.
812 2939 843 2948 -
866 2909 934 2972 οοε,
958 2909 1093 2970 orationes,
1115 2904 1235 2971 supplent

162 2995 247 3040 aulem
266 2998 346 3056 rogat.
365 3021 399 3029 -
416 2977 431 3019 ἀ
449 3008 487 3055 oe,
506 2994 574 3057 sing.
593 2993 711 3046 laetania.

235 3158 344 3210 ¹Huius
366 3159 545 3227 Martyrologii
569 3162 758 3229 Hieronymum
781 3167 910 3212 auctorem
934 3178 986 3212 non
1009 3163 1100 3222 luisse,
1125 3160 1234 3212 dubium

164 3259 216 3295 non
233 3248 281 3306 est;
305 3244 338 3295 dc
354 3245 410 3296 eius
433 3245 533 3309 origine
557 3247 634 3298 latius
657 3248 741 3312 agitur
758 3248 785 3297 in
804 3245 903 3308 Krane,
925 3247 1008 3296 Roma
1025 3251 1081 3300 sotl.
1099 3262 1124 3310 p.
1144 3248 1183 3298 19.
1202 3273 1236 3284 -

165 3329 237 3383 terr.
254 3329 353 3395 ylntrod.
376 3329 563 3397 Martyrologii.
581 3360 613 3372 —
632 3335 643 3370 ³
661 3331 810 3382 Alexander
832 3331 850 3392 l,
872 3341 901 3383 c.
914 3334 1056 3385 105-115.
1093 3330 1157 3392 „Hic
1175 3345 1236 3381 con·

162 3413 242 3465 stituit
268 3429 362 3481 aquam
390 3415 531 3480 sparsionis
554 3431 612 3466 cum
636 3414 689 3466 sale
711 3415 827 3468 benedici
850 3417 877 3466 in
899 3415 1051 3468 habitaculis
1074 3415 1234 3467 hominum.“

163 3497 192 3548 L.
211 3512 235 3563 p.
253 3499 336 3551 Duch.
354 3500 371 3564 l,
392 3503 449 3554 127.
485 3501 514 3552 ln
536 3501 732 3562 sacramentario
750 3499 886 3553 Gelasiano
907 3517 932 3566 p.
950 3501 989 3564 lll,
1013 3517 1038 3553 n.
1057 3505 1088 3552 75
1107 3499 1238 3568 (Muratori
1334 3503 1337 3508 '

162 3581 249 3649 liturg.
268 3586 343 3637 Rom.
361 3591 409 3638 vet
429 3587 447 3646 l,
466 3602 490 3650 p.
510 3585 569 3652 738)
586 3587 702 3638 invenies
723 3587 849 3638 orationes
869 3587 985 3638 benedic.
1004 3591 1029 3637 et
1046 3600 1131 3650 sparg.
1156 3598 1238 3650 aquae

163 3668 214 3721 lere
237 3671 354 3732 easdem,
376 3669 472 3737 quibus
496 3669 573 3721 hodie
596 3669 681 3722 adhuc
700 3672 779 3722 utitur
802 3669 909 3722 ecclesia
927 3669 1104 3729 occidentalis;
1127 3684 1167 3720 ex.
1186 3682 1239 3732 ga:

165 3754 257 3820 „Deus
275 3758 319 3822 qui
337 3756 370 3807 ad
388 3755 499 3805 salutem
516 3755 625 3806 humani
649 3756 750 3820 generis
768 3757 880 3806 maxima
898 3769 1017 3821 quaeque
1034 3757 1192 3804 sacramente
1211 3753 1240 3802 in

163 3854 289 3905 aquarum
307 3842 448 3893 substantia
466 3841 610 3903 condidisti,
628 3841 715 3890 adesto
733 3839 938 3891 invocationibus
957 3838 1049 3889 nostris
1068 3841 1092 3888 el
1109 3837 1237 3888 elemento

164 3923 241 3975 huic“
254 3929 310 3986 etc,
328 3925 397 3976 etad
414 3940 514 3990 sparg.:
535 3925 650 3986 „Exaudi
669 3941 722 3987 nos,
741 3924 848 3974 Domine
867 3929 959 3986 sancte,
978 3927 1048 3987 pater
1066 3922 1238 3986 omnipotens,

165 4013 265 4060 aeterne
283 4009 350 4060 Deus
368 4014 393 4060 et
412 4012 510 4062 mittere
529 4009 636 4074 dignare
653 4008 785 4072 Angelum
803 4014 876 4058 tuum
895 4013 1010 4058 sanclum
1030 4006 1061 4057 de
1078 4006 1171 4058 caelis“
1191 4011 1239 4060 etc.

216 4091 364 4147 Kndpfler‚
378 4092 497 4136 Walel'ridl
512 4092 582 4137 Streb.
598 4092 652 4134 liber
666 4097 693 4134 de
707 4091 802 4134 exordiis
816 4096 855 4132 etc.
1021 4094 1035 4143 7
