2956 4766
683 365 891 426 „32-

255 544 365 599 nostra
387 545 527 614 tempora
555 545 805 614 praecesserunt,
831 538 919 614 quasi
943 533 1144 594 memorabile
1174 532 1326 610 quiddam

256 645 287 699 et
314 641 472 716 singulare
500 640 667 710 scribatur,
698 640 723 698 si
755 639 807 714 qui
839 655 945 698 eorum
976 637 1005 696 in
1033 636 1127 696 rebus
1155 635 1327 713 praedictis

256 743 472 803 eminentiores
489 742 619 801 caeteris
642 741 830 800 viderentur.
865 739 1033 799 Hormisda
1056 737 1136 797 enim
1160 738 1189 796 in
1214 737 1327 797 ordine

255 845 341 905 Lllll.
365 846 479 905 clerum
504 844 679 918 composuit
700 848 730 900 et
752 841 882 916 psalmis
907 839 1065 911 erudivit1,
1093 841 1156 900 Leo
1178 838 1326 898 LXXXII.

255 956 286 1006 et
301 947 489 1005 Benedictus
504 951 577 1021 post
593 960 664 1003 eum
681 943 841 1019 proximus
862 944 995 1017 itemque
1012 941 1142 1016 Sergius
1158 939 1326 1001 LXXXVI.

256 1048 433 1124 psalmodia
461 1054 492 1106 et
523 1047 695 1107 cantilenae
726 1045 855 1105 scientia
885 1043 1031 1104 iloruisse
1059 1043 1230 1105 dicuntur.2
1283 1042 1327 1100 De

256 1149 403 1226 Gregorio
431 1155 535 1208 autem
563 1148 612 1206 lll.
645 1149 733 1207 velut
764 1142 936 1206 inauditum
962 1147 1108 1222 quiddam
1144 1152 1176 1207 et
1208 1161 1323 1206 novum

255 1253 399 1322 retertur,
436 1251 520 1326 quod
559 1265 669 1309 omnes
707 1244 847 1326 psalmos
880 1249 1057 1309 memoriter
1089 1248 1236 1320 tenuerit;
1274 1245 1323 1306 ubi

256 1354 390 1429 intellegi
420 1352 524 1418 datur,
554 1367 674 1429 paucos
703 1352 841 1428 priorum
871 1353 913 1410 ita
944 1351 1125 1427 psalterium
1150 1349 1326 1410 didicisso.³

257 1455 406 1517 Solebant
424 1455 503 1513 enim
528 1455 666 1529 psalmos
683 1468 784 1529 aeque
808 1459 843 1512 ut
865 1461 1007 1514 caeteras
1024 1454 1196 1529 scripturas
1213 1453 1326 1528 partim

258 1558 440 1629 memoriter,
470 1556 599 1633 partima
627 1555 719 1614 etiam
744 1555 909 1615 lectitando
939 1551 1008 1616 suis
1039 1555 1148 1615 officiis
1171 1556 1328 1627 inserere;

258 1660 343 1735 quod
367 1659 393 1717 si
417 1658 578 1732 diligenter
593 1658 747 1726 advertas,
768 1657 874 1716 multis
891 1658 1111 1733 scripturarum
1130 1653 1325 1715 documentis

258 1767 400 1839 apparet.
445 1758 590 1819 Ordinem
615 1764 717 1818 autem
742 1760 915 1818 cantilenae
939 1759 1057 1819 diurnis
1086 1775 1142 1819 seu
1167 1754 1321 1816 nocturnis

257 1861 344 1923 horis
375 1861 525 1922 dicendae
560 1861 671 1921 beatus
706 1860 873 1936 Gregorius
909 1863 1047 1938 plenaria
1078 1860 1214 1921 creditur
1246 1857 1323 1918 ordi·

259 1965 383 2025 natione
418 1962 631 2037 distribuisse,
671 1963 754 2023 sicut
791 1973 821 2022 et
854 1978 950 2039 supra
983 1965 1022 2024 de
1056 1969 1326 2023 sacramentorum

259 2067 394 2125 diximus
424 2065 515 2134 libro,
545 2079 615 2123 cum
643 2066 729 2124 multi
758 2071 830 2126 ante
859 2065 923 2124 sive
953 2073 1028 2142 post
1056 2082 1127 2125 eum
1157 2065 1330 2133 orationes,

258 2166 444 2243 antiphonas
482 2168 533 2226 rel
570 2169 773 2242 responsorIa
814 2169 1051 2242 composuerint.
1112 2168 1189 2227 Nam
1225 2173 1256 2226 et
1290 2165 1344 2224 de-

258 2271 498 2347 antiphonarum
521 2266 739 2327 inchoationeb
755 2270 898 2345 superius
915 2269 1061 2342 diximus
1080 2275 1110 2328 et
1128 2267 1331 2342 responsoria

328 2470 395 2529 ιιοε,
414 2486 465 2520 om.
484 2469 629 2520 memoriter
646 2469 747 2533 partim.
770 2497 802 2506 -
821 2454 834 2494 b
853 2468 918 2530 mlh,
935 2469 1060 2520 inchoate.

260 2593 368 2600 .—
413 2593 556 2598 -..-——--
578 2593 637 2597 -—.
658 2593 663 2597 .
677 2593 744 2597 ο.-
763 2593 843 2596 ᾖ.-

332 2659 341 2692 ¹
359 2655 509 2705 Hormisdas
527 2657 670 2708 all-523.
707 2655 770 2715 „Hic
781 2657 924 2720 composuit
933 2654 1030 2706 clerum
1042 2661 1066 2705 et
1074 2656 1182 2720 psalmis
1191 2654 1330 2704 erudivit.“

260 2739 341 2790 Duch.
364 2739 387 2800 l,
404 2741 461 2791 269.
507 2739 682 2806 „Compunerc
709 2741 824 2792 clerum“
857 2739 970 2790 schisma
998 2741 1189 2791 laurentianum
1217 2745 1334 2805 spectare

261 2822 370 2883 videtur,
387 2823 458 2888 quod
475 2825 585 2874 affirmat
602 2830 626 2875 et
643 2823 803 2889 epitaphium
822 2823 985 2875 Hormisdae:
1010 2823 1127 2886 „Sanasti
1150 2823 1245 2888 patriae
1264 2821 1336 2873 lace·

260 2913 344 2959 ratum
351 2909 469 2959 scismate
475 2923 567 2974 corpus
577 2909 709 2961 restituens
719 2910 827 2974 propriis
835 2909 951 2961 membra
960 2910 1064 2960 revulsa
1073 2910 1159 2961 locis.“
1176 2907 1335 2966 Duemmler,

261 2993 354 3045 Poetae
372 2992 414 3044 lat.
432 2994 491 3044 aevi
508 2992 619 3045 Carolini
639 2999 655 3043 t.
668 2994 686 3054 l,
704 3010 729 3058 p.
744 2996 800 3046 114.
820 3023 851 3032 -
872 2996 883 3031 ²
900 2995 951 3045 Leo
970 2994 998 3055 ll,
1016 2996 1160 3048 oea-653.
1197 2991 1260 3054 „Vir
1277 2990 1334 3042 elo·

262 3079 455 3143 quentissimus,
473 3081 500 3130 in
519 3080 614 3130 divinis
632 3079 764 3144 scripturis
782 3080 938 3130 sufficienter
949 3081 1096 3140 instructus,
1113 3092 1190 3144 greca
1200 3076 1337 3142 latinaque

261 3162 352 3227 lingua
371 3163 494 3224 eruditus,
511 3161 638 3213 cantilena
656 3178 686 3213 ac
703 3163 848 3228 psalmodia
865 3166 1017 3229 praecipuus
1030 3169 1054 3215 et
1071 3165 1098 3214 in
1110 3179 1198 3214 earum
1213 3162 1337 3213 sensibus

263 3245 430 3298 subtilissima
448 3248 626 3298 exercitatione
647 3246 776 3298 limatus.“
814 3249 841 3298 L.
860 3266 884 3314 p.
903 3249 985 3301 Duch.
1003 3249 1092 3312 1,359.
1132 3247 1286 3299 Benedictus
1305 3247 1335 3298 ll.

263 3331 407 3384 ost-685.
444 3333 507 3394 „Hic
525 3331 558 3384 ab
574 3334 679 3383 ineunte
696 3338 777 3382 aetate
796 3348 842 3382 sua
865 3334 989 3386 ecclesiae
1012 3334 1139 3393 militavit,
1157 3338 1234 3398 atque
1252 3334 1289 3383 sic
1306 3348 1338 3383 se

263 3417 290 3466 in
306 3416 403 3467 divinis
416 3418 546 3481 scripturis
559 3422 583 3467 et
600 3416 757 3467 cantilenae.
774 3417 867 3481 puerili
886 3423 964 3469 aetate
983 3425 1007 3469 et
1024 3421 1051 3470 in
1063 3418 1196 3483 presbiteri
1210 3418 1337 3482 dignitate

262 3499 380 3551 exhibuit
404 3505 431 3549 ut
454 3501 526 3551 decet
545 3501 631 3551 virum
655 3516 701 3550 suo
725 3502 829 3552 numine
851 3502 984 3568 dignum.“
1021 3506 1038 3554 l.
1057 3519 1078 3556 c.
1097 3505 1153 3555 363.
1190 3501 1297 3566 Sergius
1316 3501 1335 3552 l.

264 3585 408 3637 ost-701.
443 3584 523 3647 ,Quia
550 3586 679 3636 studiosus
705 3589 758 3636 erat
783 3592 807 3637 et
828 3601 908 3652 capax
931 3589 958 3638 in
980 3588 1064 3638 olficio
1083 3587 1238 3650 cantilenae,
1255 3587 1336 3652 priori

262 3675 396 3720 cantorum
423 3685 469 3734 pro
496 3670 610 3721 doctrina
635 3673 673 3721 est
699 3670 829 3722 traditus.“
867 3672 884 3724 l.
908 3688 929 3724 c.
953 3676 1011 3724 371.
1041 3702 1071 3710 -
1100 3676 1111 3711 ³
1133 3671 1274 3736 Gregorius
1295 3671 1335 3722 lll.

266 3757 407 3807 731-741.
453 3793 475 3816 „.
489 3793 494 3806 .
508 3792 514 3806 .
529 3769 604 3818 greca
627 3756 756 3822 latinaque
779 3756 870 3820 lingua
892 3757 1018 3820 eruditus,
1043 3756 1156 3822 psalmos
1181 3771 1273 3808 omnes
1291 3773 1335 3822 per

265 3841 381 3890 ordinem
400 3841 545 3891 memoriter
562 3841 671 3891 retinens
689 3845 713 3891 et
730 3842 757 3891 in
775 3858 864 3893 eorum
884 3842 1002 3893 sensibus
1025 3842 1193 3893 subtilissima
1210 3843 1333 3892 exercita·

264 3923 333 3974 tione
350 3923 478 3976 limatus.“
515 3925 543 3976 L.
561 3941 585 3989 p.
605 3925 686 3976 Duch.
705 3926 722 3978 l.
741 3930 800 3983 415.
