2896 4828
689 339 899 399 -10-

263 523 358 581 quam
386 508 414 566 in
445 512 562 582 partem
595 509 742 568 orationis
767 511 836 570 loca
859 516 1092 580 converterent,
1116 511 1189 569 dum
1212 516 1348 569 tanturn

263 609 431 683 videretur,
454 609 506 668 ubi
528 610 704 670 eliminatae
728 620 801 671 sunt
816 613 1005 673 daemonum
1023 613 1144 682 surdae,
1167 612 1208 672 ibi
1231 612 1347 672 Deum

264 711 400 769 omnium
426 709 622 784 creatorem),
646 714 696 790 qui
710 714 828 789 ubique
845 721 902 778 est.
928 715 985 773 coli
1000 719 1031 773 et
1046 714 1180 774 adorari.
1218 715 1346 788 Quam-

265 829 358 888 quam
382 813 485 888 itaque
509 817 635 891 sapiens
657 816 747 886 dicat,
770 832 830 876 nos
860 817 898 875 ad
927 816 1076 875 orientem
1101 815 1178 874 lucis
1203 815 1345 876 adorare

266 915 391 987 Deum1,
416 923 446 976 et
467 933 578 978 revera
603 935 771 993 congruum
797 925 846 978 est
868 925 899 978 et
914 919 1031 978 salubri
1048 934 1135 979 more
1150 917 1342 990 institutum,

263 1023 298 1076 ut
321 1018 469 1079 orientem
492 1035 606 1081 versus
630 1023 724 1080 iacies
749 1023 866 1082 orando
890 1028 1065 1094 vertamus
1095 1022 1168 1096 quia
1191 1021 1271 1080 sicut
1296 1021 1340 1079 ab

267 1119 383 1180 oriente
418 1121 494 1180 lucis
524 1123 691 1182 adventum
722 1125 910 1200 suscipimus
942 1139 1118 1198 corporeae,
1142 1124 1186 1182 sic
1208 1122 1236 1180 in
1262 1138 1338 1181 ora·

264 1223 401 1304 tionibus
425 1223 597 1283 inluminari
622 1240 796 1299 supernos
820 1227 936 1285 vultum
961 1226 1043 1286 illius
1060 1223 1270 1301 deposcimus
1296 1225 1339 1282 de

264 1340 326 1400 qun
361 1325 508 1400 scriptum
543 1333 603 1386 est:
636 1344 728 1402 „ecce
759 1331 823 1402 uir,
862 1327 970 1388 Oriens
1007 1345 1116 1388 nomen
1150 1329 1244 1402 eiust,
1271 1333 1337 1386 et:

263 1431 415 1502 ,‚visitaoit
442 1443 497 1486 nos
523 1427 632 1488 Oriens
661 1446 701 1488 em
731 1430 849 1498 olto“²‚
878 1411 986 1489 tamen
1010 1431 1083 1505 quia
1113 1435 1143 1488 et
1169 1429 1276 1504 templi
1305 1435 1336 1488 et

264 1529 459 1589 tabernaculi
482 1529 622 1592 introitus
645 1531 683 1589 ab
707 1531 823 1590 oriente
847 1533 910 1601 luit,
934 1532 986 1591 ubi
1002 1539 1033 1591 et
1049 1533 1147 1592 altare
1164 1537 1195 1591 et
1210 1531 1331 1591 labrum

265 1637 332 1691 erat
365 1637 396 1691 et
425 1647 534 1691 omnes
562 1635 757 1693 victimarum
787 1642 817 1693 et
847 1634 1067 1694 sacrificiorum
1096 1635 1174 1694 ritus
1208 1632 1334 1708 fiebant,

266 1742 383 1796 certum
413 1739 477 1806 est,
511 1736 540 1794 in
569 1741 701 1812 utroque
731 1736 770 1794 ab
800 1737 916 1797 oriente
947 1740 1061 1797 multos
1091 1751 1201 1796 orasse
1225 1743 1335 1794 contra

267 1837 469 1898 occidentem.
516 1837 674 1913 Siquidem
698 1845 728 1896 et
752 1838 897 1900 Salomon
914 1840 1066 1900 dedicans
1080 1838 1228 1910 templum
1247 1838 1333 1896 stetit

266 1947 338 2000 ante
362 1942 458 1999 altare
481 1945 513 2000 et
529 1941 666 2000 extendit
680 1959 791 2002 manus
807 1943 836 2001 in
853 1944 970 2001 caelum
988 1947 1019 2001 et
1033 1940 1140 2000 effudit
1157 1941 1331 1999 orationem

333 2157 345 2184 ἃ
364 2175 402 2218 oe,
420 2159 557 2211 videretur.
575 2189 608 2196 —
628 2147 640 2187 b
660 2175 698 2219 oe,
716 2165 853 2210 creatorem
872 2161 999 2212 omnium.

268 2294 338 2302 ἱ-υν
503 2288 504 2292 ’
1028 2295 1325 2306 -------·

338 2383 346 2415 1
365 2377 472 2442 Sapiens
490 2378 532 2428 hie
550 2379 597 2440 vir,
620 2394 696 2444 quem
721 2378 809 2430 laudat
833 2380 990 2430 Walalridus
1016 2379 1206 2444 intellegendus
1232 2383 1278 2438 est,
1298 2381 1324 2426 ut

265 2461 369 2524 opinor,
397 2460 519 2525 Origenes
542 2468 585 2511 aut
603 2463 786 2515 Tertullianus.
827 2463 941 2529 Uterque
967 2465 1036 2515 enim
1062 2469 1246 2515 commemorat
1270 2477 1327 2513 con·

265 2545 427 2596 suetudinem
440 2543 644 2597 Christianorum
658 2563 745 2598 versus
760 2549 883 2598 orientem
895 2550 993 2600 orandi.
1020 2549 1194 2601 Tertullianus
1209 2549 1328 2618 (Apolog.

168 2701 170 2704 Α
265 2647 304 2695 cp.
322 2627 392 2699 XVI)
412 2631 486 2682 dicit:
506 2631 637 2696 „Denique
654 2632 714 2683 inde
731 2634 843 2698 suspicio
862 2634 931 2698 quod
948 2636 1087 2686 innotuerit
1110 2651 1156 2685 nos
1179 2634 1212 2684 ad
1229 2634 1329 2685 orientis

264 2717 397 2780 regionem
415 2717 538 2782 precari.“
575 2716 645 2768 Idem
664 2733 743 2783 prope
765 2719 840 2770 refert
857 2717 980 2784 Origenes
998 2719 1034 2771 De
1052 2725 1113 2772 orat.
1131 2734 1169 2784 cp.
1189 2721 1234 2770 32:
1253 2718 1329 2781 „illuc

265 2817 312 2852 nos
331 2801 473 2865 symbolice
491 2816 641 2863 conversos,
664 2804 751 2852 anima
772 2803 825 2853 veri
849 2802 954 2854 luminis
972 2811 1056 2855 ortum
1074 2804 1154 2855 veluti
1172 2805 1326 2868 respiciente,

264 2901 336 2937 orare
355 2887 473 2938 debere.“
491 2915 525 2924 -
543 2887 639 2937 Auctor
657 2887 758 2948 Quaest.
778 2892 801 2937 ei
819 2887 894 2950 Resp.
913 2887 946 2938 ad
964 2887 1133 2948 orthodoxos,
1153 2903 1218 2954 qnae
1235 2888 1325 2938 Iustino

264 2973 335 3023 Mart.
354 2972 418 3022 salso
437 2972 625 3033 adscribuntur,
644 2973 704 3022 dicit
722 2972 823 3034 Quaest.
843 2975 904 3025 118:
929 2987 998 3035 ‚‚eur,
1017 2979 1044 3022 ut
1061 2989 1126 3040 opus
1143 2972 1286 3024 venerabile
1302 2975 1325 3020 et

265 3058 306 3107 dei
333 3057 419 3108 sedem
445 3057 568 3108 hahentes
589 3072 646 3110 eam
667 3062 763 3122 partem
786 3071 851 3122 quae
875 3057 907 3108 ad
930 3057 1012 3109 solem
1033 3060 1115 3123 posita
1137 3065 1187 3120 est,
1213 3056 1245 3107 ad
1270 3070 1323 3107 eam

265 3143 414 3207 respicimus
425 3157 483 3192 cum
494 3141 607 3208 hymnos
617 3147 641 3193 et
650 3157 736 3207 preces
747 3141 794 3192 deo
805 3140 970 3192 offerimusl“
997 3143 1073 3208 Resp.
1090 3140 1324 3207 „Quemadmodum

179 3245 183 3254 ¹
264 3225 354 3277 dextra
378 3241 456 3276 manu
482 3228 509 3276 in
537 3227 640 3277 nomine
660 3226 753 3277 Christi
776 3226 959 3290 consignamus
980 3244 1036 3289 eos,
1061 3229 1104 3293 qui
1127 3227 1177 3278 hoc
1195 3225 1324 3292 signaculo

264 3310 397 3375 indigent,
417 3313 477 3378 quia
494 3312 669 3363 honorabilior
687 3313 846 3362 existimatur
864 3326 942 3376 quam
960 3311 1046 3374 laeva,
1065 3313 1184 3378 quamvis
1202 3313 1260 3375 situ,
1277 3325 1323 3362 non

264 3402 355 3448 natura
373 3396 483 3458 dilleret;
508 3399 542 3447 ita
565 3399 664 3458 oriens,
687 3403 716 3448 ut
738 3412 797 3462 pars
820 3397 911 3448 mundi
928 3399 1103 3462 praestantior,
1121 3397 1153 3447 ad
1172 3397 1250 3447 deum
1267 3395 1324 3446 ado·

263 3481 373 3532 randum
398 3487 435 3532 est
457 3482 623 3532 destinatus.“
659 3481 724 3542 Otto,
741 3481 829 3532 lustini
848 3498 905 3547 opp.
923 3482 998 3535 llll.
1015 3499 1040 3549 p.
1056 3485 1113 3535 193.
1153 3481 1243 3532 Plures
1266 3479 1333 3558 alios.

263 3565 336 3617 allert
364 3565 518 3618 Thomacius
544 3566 636 3618 Iacob.
692 3567 727 3616 De
755 3570 803 3616 ritu
835 3573 951 3617 velerum
981 3566 1177 3617 christianorum
1209 3565 1325 3631 precandi

262 3668 352 3702 versus
371 3653 501 3702 orientem.
523 3654 594 3704 1770.
629 3651 756 3718 Bioplrom
774 3652 827 3704 Ios.
846 3650 968 3716 Origenes
987 3652 1041 3702 sive
1059 3653 1174 3717 antiquit.
1192 3651 1323 3702 ecclesiast.
1393 3670 1396 3676 ·

265 3736 344 3787 Halae
364 3740 436 3789 1727.
461 3735 506 3787 lib.
524 3735 586 3786 ΧΙΙΙ,
605 3751 643 3800 cp.
661 3736 725 3787 Vlll.
744 3736 759 3804 ξ
779 3739 817 3788 15.
862 3737 929 3788 Vide
956 3739 1031 3787 etiam
1062 3735 1204 3800 Thalloser
1233 3734 1322 3786 Volent.

264 3820 409 3873 Handbuch
427 3822 473 3872 der
491 3821 561 3873 katb.
575 3821 693 3885 Liturgik
706 3825 725 3871 l.
744 3838 769 3886 p.
782 3824 830 3875 605
842 3821 867 3873 ll.
886 3850 917 3859 -
939 3820 1070 3871 ²Zachar.
1089 3819 1130 3882 vl,
1146 3821 1176 3870 12
1195 3820 1237 3871 cir.
1250 3819 1322 3884 lll,8:

263 3921 320 3957 ecce
338 3908 408 3958 enim
425 3922 474 3972 ego
492 3905 620 3957 adducam
640 3921 742 3957 servum
762 3923 849 3958 meum
867 3905 1003 3957 Orientem.
1038 3905 1099 3955 Luc.
1112 3904 1181 3968 lla.
