2896 4828
600 439 637 446 —
684 412 751 461 VIII
794 440 835 450 —

182 575 325 649 idoneus
358 576 410 650 qui
445 589 553 634 ansam
588 575 750 648 praeberet
778 575 818 635 ad
850 576 994 635 exercitia
1026 575 1174 638 historica
1203 579 1255 635 uel

183 677 325 752 liturgica
347 677 376 736 in
402 675 577 737 seminariis
607 677 781 736 tractanda.
826 677 935 738 Plures
960 684 1061 737 autem
1092 684 1126 739 ut
1150 680 1255 752 cogni·

184 782 301 842 tionem
325 778 418 838 huius
442 778 545 855 operis
569 778 627 838 sibi
650 785 803 852 pararent,
827 779 929 838 adhuc
952 780 1017 840 lieri
1041 798 1101 842 non
1123 789 1255 856 poterat,

184 882 331 959 quoniam
347 888 450 942 textus
468 897 528 940 non
547 879 604 940 nisi
627 881 656 938 in
672 882 792 958 aliquot
811 882 911 958 iisque
927 883 1068 958 plurimis
1084 884 1256 944 inaccessis

183 985 420 1046 collectionibus
445 984 615 1058 prostabat3
638 983 688 1042 ille
711 984 839 1059 insuper
860 985 980 1044 incuria
1002 985 1196 1045 librariorum
1216 986 1254 1044 ab

184 1086 326 1147 omnibus
359 1087 549 1146 editionibus
581 1087 611 1145 in
641 1092 703 1146 tam
736 1085 850 1147 uitiosa
878 1086 976 1146 lorma
1007 1085 1187 1157 exhibetur,
1222 1093 1256 1147 ut

183 1190 301 1250 nullum
326 1194 419 1265 eaput
441 1204 502 1247 non
527 1188 609 1246 omni
633 1189 815 1248 mendorum
839 1203 954 1262 genere
974 1193 1090 1248 scateat
1113 1195 1256 1270 etprae-

183 1298 269 1351 terea
305 1291 383 1351 lalsa
419 1289 681 1367 interpunctione,
719 1306 783 1364 qua
817 1291 991 1349 sententiae
1029 1296 1255 1366 pervertuntur,

185 1393 371 1468 saepissime
394 1392 550 1452 intellectu
574 1396 688 1450 careat.
727 1391 783 1451 His
809 1391 953 1452 omnibus
975 1392 1139 1468 perpensis
1163 1392 1257 1452 editio

185 1509 267 1555 nova
290 1494 383 1555 huius
414 1493 545 1568 insignis
576 1492 668 1553 libelli
698 1508 799 1568 eaque
823 1494 1005 1568 castigatior
1034 1500 1065 1552 et
1094 1494 1134 1553 ad
1163 1510 1256 1554 usum

185 1597 354 1656 faciliorem
374 1595 580 1670 ,accomodata
602 1601 636 1654 ut
658 1595 686 1653 in
713 1594 867 1670 publicum
885 1595 1035 1668 ederetur,
1060 1611 1156 1656 causa
1179 1595 1256 1654 satis

186 1701 268 1759 iusta
293 1697 365 1757 mihi
395 1698 509 1757 adesse
533 1698 705 1768 videbatur,
737 1712 799 1773 qua
828 1697 868 1755 de
898 1713 996 1757 eausa
1023 1696 1062 1756 ad
1092 1697 1255 1756 editionem

186 1816 303 1861 novam
326 1799 497 1859 taciendam
521 1800 650 1859 accessi.
695 1800 726 1857 ln
750 1801 945 1858 recensendo
965 1816 1041 1858 vero
1064 1800 1166 1859 libello
1190 1800 1257 1859 lun-

186 1905 365 1964 damentum
391 1900 464 1960 mihi
488 1901 631 1977 praebuit
653 1902 750 1961 codex
771 1902 904 1977 optimus
928 1907 1022 1977 atque
1046 1909 1257 1976 pervetustus

186 2004 238 2081 qui
260 2010 377 2065 textum
402 2005 570 2078 genuinum
591 2005 654 2064 lere
678 2004 831 2078 integrum
849 2004 995 2074 eontinet,
1019 2003 1061 2063 St.
1080 2004 1257 2063 Gallensem

186 2106 265 2183 dico,
288 2123 417 2167 numero
439 2107 502 2166 446
526 2106 702 2182 insignitum
728 2105 793 2180 (fol.
818 2106 1008 2183 213-303).
1054 2105 1257 2182 Conscriptus

186 2216 234 2270 est
257 2210 306 2268 ille
323 2210 381 2270 sub
405 2209 496 2268 finem
516 2225 577 2268 sec.
592 2209 634 2267 IX
655 2211 707 2268 vel
730 2209 816 2270 initio
834 2209 940 2268 secli
963 2218 993 2266 et
1010 2207 1257 2281 dilligentissime

187 2311 374 2388 exaratus13
408 2326 502 2384 quem
539 2312 580 2369 ita
611 2310 721 2370 ducem
753 2310 894 2382 adhibui,
926 2316 959 2368 ut
990 2325 1115 2384 semper
1145 2309 1255 2386 paucis

112 2411 113 2414 ’
186 2418 305 2472 tantum
330 2413 467 2485 exceptis
490 2412 577 2482 loeiS,
602 2412 654 2486 qui
675 2413 846 2471 manilestis
863 2411 986 2468 mendis
1010 2410 1158 2486 inquinati
1174 2413 1255 2479 sunt,

186 2512 338 2591 lectiones
360 2512 427 2572 eius
444 2518 552 2573 eontra
574 2513 712 2587 reliquas
727 2514 931 2573 recensiones
953 2513 1132 2588 reciperem.
1170 2509 1257 2570 Duos

187 2616 317 2690 insuper
348 2603 471 2674 codices
494 2615 700 2677 Monacenses
731 2614 805 2674 mihi
829 2614 967 2674 conlerre
998 2614 1095 2686 licuit,
1126 2627 1254 2688 quorum

186 2719 266 2780 alter
288 2718 317 2775 in
342 2713 377 2777 4⁰
399 2733 449 2776 no.
472 2716 572 2776 14581
599 2717 665 2777 cod.
688 2718 739 2775 lat.
764 2717 927 2791 insignitus
951 2717 1007 2791 (ll)
1031 2732 1092 2776 seo.
1116 2715 1158 2774 Xl
1181 2727 1256 2770 exa-

186 2826 274 2880 ratus
298 2825 398 2881 estet
422 2820 484 2894 (iol.
510 2819 549 2880 65
563 2821 645 2896 sqq.)
675 2820 823 2880 nonnulla
850 2823 967 2877 tantum
999 2818 1109 2894 capita,
1140 2814 1258 2876 scilicet

189 2939 257 2998 cap.
281 2922 406 2982 21-25
434 2927 465 2981 et
487 2922 621 2993 28—30,
645 2919 784 2995 exhibet3
814 2922 892 2978 alter
914 2935 990 2977 vero
1015 2919 1086 2994 (llll)
1106 2917 1179 2978 cod.
1203 2918 1256 2976 lat.

187 3026 307 3084 Monac.
335 3023 438 3083 17184
461 3023 489 3081 in
513 3024 551 3082 4⁰
573 3023 738 3099 insignitus
763 3039 825 3085 sec.
848 3022 902 3080 XII
925 3021 1129 3107 conscriptus,
1160 3024 1256 3078 totum

188 3126 312 3203 quidem
350 3125 484 3186 libellum
523 3126 659 3185 continet
696 3127 759 3201 (lol.
791 3125 915 3199 1-72),
953 3123 978 3182 si
1017 3125 1157 3181 lacunam
1196 3137 1256 3180 non

187 3229 331 3304 exiguam
362 3228 479 3303 excipis
509 3228 574 3300 (cir.
597 3228 676 3288 iulra
698 3245 769 3304 pag.
792 3225 940 3301 41-52),
972 3225 1028 3284 sed
1057 3228 1181 3300 propter
1209 3223 1255 3280 in·

188 3331 305 3392 curiam
329 3330 443 3390 indocti
466 3329 582 3390 librarii
605 3331 827 3406 potiusquam
858 3334 982 3405 propter
1004 3328 1155 3386 lectiones
1186 3339 1254 3399 pro-

188 3433 308 3493 babiles
332 3438 504 3493 memoratu
528 3433 640 3506 dignus
664 3446 735 3492 esse
758 3431 891 3490 videtur.
933 3430 1059 3489 Praeter
1081 3426 1140 3488 hos
1164 3425 1255 3485 modo

189 3534 364 3597 nominatos
380 3529 512 3594 codices
530 3534 620 3610 pauci
636 3533 686 3593 alii
704 3533 766 3592 noti
791 3539 864 3594 sunt
885 3538 1025 3592 nostrum
1049 3529 1184 3588 libellum
1203 3543 1257 3586 ex-

186 3638 338 3710 hibentes,
363 3636 493 3696 scilicet:
517 3635 583 3697 eod.
605 3635 708 3696 Vlenn.
731 3635 792 3694 944
815 3651 877 3696 sec.
892 3635 934 3708 X;
960 3631 1027 3692 eod.
1050 3625 1256 3690 Ashurnhum.

263 3869 337 3923 ¹Cir.
352 3870 480 3923 Scherrer
495 3870 573 3930 Gust..
592 3869 770 3922 Verzeichniss
788 3871 833 3922 der
844 3867 916 3920 HSS.
934 3867 979 3918 der
997 3863 1185 3916 Stillsbiblioth.
1204 3878 1256 3913 von

190 3955 226 4008 St.
245 3954 344 4007 Gallen.
379 3954 454 4007 Helle
475 3956 549 4016 1875,
568 3971 592 4020 p.
612 3957 668 4007 146.
1090 3961 1093 3968 ’
