2956 4766
622 329 830 388 .-55-

194 503 363 577 praecepit,
395 500 687 562 commemoratione
718 499 874 575 passionis
906 501 973 560 eius
1004 500 1155 570 adhibita,
1186 508 1258 559 eosa

194 604 316 680 corpori
345 603 500 663 dominico
529 601 777 662 communicasse
807 606 838 660 et
866 602 1023 677 sangnini,
1055 620 1134 679 quos
1161 599 1257 662 ratiob

194 705 399 780 permittebat.
458 705 656 765 Proficientec
693 701 804 762 dehinc
843 702 992 776 religione
1029 701 1087 764 eofl
1122 706 1257 780 amplius

193 813 285 867 aucta
311 813 385 866 sunt
413 824 432 868 a
462 806 740 867 christicultoribds
772 805 872 864 olllcie
899 803 1074 878 missarum,
1106 816 1185 882 quoe
1207 808 1257 865 vel
1280 815 1283 821 '

192 923 253 984 pax
290 909 419 983 prestita
460 910 552 970 letius
592 909 742 969 terminos
788 908 972 982 propagavit
1013 909 1165 967 ecclesiae
1208 910 1257 968 rel

192 1016 368 1071 sanctorum
397 1012 487 1088 copia
515 1028 576 1072 usu
603 1011 686 1070 lecte
716 1014 764 1068 est
788 1010 1027 1069 convalescente
1055 1012 1255 1085 frequentior.

192 1113 279 1187 Quod
304 1120 335 1172 et
365 1114 393 1172 in
425 1129 584 1173 sacrarum
613 1111 737 1172 aedium
762 1111 992 1171 constructione
1016 1114 1066 1171 vel
1095 1111 1257 1174 ornatibus

192 1215 234 1275 ita
265 1217 450 1292 provenisse
479 1217 539 1276 lam
566 1215 714 1286 diximus,
745 1230 806 1272 non
830 1213 914 1287 quod
939 1214 1035 1290 aliqui
1058 1216 1256 1290 sequentium

191 1319 340 1394 apostolis
364 1318 476 1378 luerint
498 1318 627 1377 scientia
642 1318 692 1374 vel
717 1315 919 1391 religiositate
938 1318 1081 1388 maiores,
1105 1319 1160 1376 sed
1184 1319 1256 1393 quia

191 1419 231 1478 illi
261 1421 395 1479 maxime
424 1420 575 1479 curabant
604 1419 644 1478 ab
674 1418 854 1478 infidelitate
877 1419 917 1478 ad
941 1418 1044 1490 fidem,
1077 1420 1255 1480 atenebris

189 1519 332 1582 homines
361 1523 399 1582 ad
428 1524 526 1581 luccm
557 1521 671 1581 vo'care
701 1527 732 1580 ct
759 1521 788 1579 in
810 1521 939 1582 veritate
963 1522 1092 1581 stabiles
1114 1523 1256 1595 reddere,

190 1623 259 1698 ipsa
280 1623 426 1682 facilitate
450 1625 607 1698 religionis
630 1623 739 1682 melius
764 1624 846 1700 quod
869 1622 1016 1683 volebant
1034 1624 1163 1684 rudibus
1186 1640 1256 1702 per·

188 1725 324 1784 suadere
360 1731 539 1800 potuerunt3
571 1726 653 1784 unde
688 1727 791 1796 etiam,
826 1725 906 1784 sicut
938 1726 1058 1800 legitur,
1092 1729 1256 1788 credentes

188 1821 307 1902 primof
330 1828 369 1886 dc
392 1828 536 1903 gentibus
560 1827 708 1899 legalium
730 1827 1101 1900 ponderemandatorum
1126 1830 1256 1906 deprimi

188 1929 382 1989 noluerunt&
426 1931 510 1989 Multi
536 1929 641 2003 ltaque
664 1928 748 2002 apud
772 1929 908 1988 Graecos
937 1934 967 1987 et
990 1928 1115 1991 Latinos
1140 1932 1255 1993 missae

186 2031 337 2104 ordinem,
360 2037 395 2089 ut
418 2031 476 2090 sibi
498 2032 602 2090 visum
626 2035 683 2099 est,
707 2035 895 2102 statuerunt3
925 2036 955 2089 et
978 2031 1107 2092 Romani
1129 2035 1254 2110 quidem

186 2147 279 2191 usum
304 2133 555 2192 observationum
586 2148 603 2190 a
627 2131 719 2190 beato
743 2133 843 2201 Petro,
874 2133 1009 2207 principe
1032 2136 1255 2209 apostolorum,

188 2235 376 2310 accipientes
393 2236 459 2296 suis
476 2230 610 2310 quiqueh
632 2233 835 2308 temporibus,
859 2249 940 2309 quac
960 2251 1099 2309 congrua
1121 2237 1256 2298 iudicate

188 2342 270 2409 sunt,
302 2338 492 2397 addiderunt
537 2337 673 2411 Quorum
704 2329 835 2396 moremi
867 2335 936 2395 ideo
969 2336 997 2395 in
1032 2337 1130 2398 sacris
1160 2339 1255 2401 rebus

186 2445 251 2497 tam
276 2441 390 2499 multae
414 2445 523 2516 gentes
545 2434 730 2509 imitanturk,
758 2437 832 2512 qula
858 2443 889 2496 et
917 2441 993 2499 tanti
1024 2440 1192 2515 magisterii
1216 2457 1255 2501 cx

188 2543 275 2616 apice
306 2543 478 2617 apostolico
508 2540 681 2616 primordiis
710 2542 844 2600 clarent¹
878 2547 909 2599 et
937 2537 1032 2600 nullal
1064 2558 1119 2617 per
1149 2544 1254 2603 orbem

187 2644 322 2704 ecclesia
344 2659 446 2720 aeque
462 2649 497 2702 ut
518 2659 648 2702 romena
671 2642 710 2701 ab
726 2642 808 2702 omni
832 2642 943 2700 leccell
966 2641 1121 2704 haerseon
1139 2647 1256 2706 cunctis

187 2753 272 2807 retro
304 2747 496 2820 temporibus
533 2761 613 2822 pura
649 2743 847 2819 permansit.2
901 2745 1087 2806 Ambrosius
1121 2763 1255 2823 quoquc,

257 2944 269 2972 ὃ
287 2944 319 3007 Μ,
339 2947 401 2997 eius.
420 2974 453 2982 -
472 2933 484 2971 b
503 2944 535 3008 M,
560 2945 646 2996 oratio.
665 2973 698 2982 -
717 2943 727 2968 ⁰
746 2942 779 3006 M,
802 2944 983 3007 proficiscente.
1000 2973 1032 2982 —
1052 2932 1066 2972 ‘¹
1084 2962 1123 3007 oe,
1146 2961 1195 2996 om.
1217 2962 1254 2996 eo.

133 3034 139 3041 “
186 3057 221 3068 -
240 3029 251 3055 θ
270 3029 333 3090 mlh,
358 3030 435 3094 qnod.
454 3057 487 3068 --
505 3015 516 3056 l
532 3046 569 3091 oe,
587 3030 671 3094 primi.
691 3058 722 3066 —
741 3027 756 3068 3
775 3027 837 3090 mlh,
855 3028 1000 3081 voluerunt.
1018 3047 1051 3070 —
1069 3016 1082 3056 ¹²
1101 3046 1123 3094 c,
1142 3046 1256 3098 quoque:

186 3115 203 3175 l,
223 3115 344 3180 quinque.
364 3143 394 3152 -
414 3100 421 3141 ⁵
440 3115 486 3177 Ml,
506 3130 615 3165 morum.
633 3143 667 3150 —
684 3099 700 3140 k
718 3113 761 3175 ml,
786 3114 917 3165 mirantur.
937 3143 968 3152 -
988 3100 995 3140 ¹
1014 3114 1203 3177 M1‚utnnlla.
1221 3145 1255 3156 —

185 3198 206 3226 ¹³¹
226 3214 247 3262 c,
266 3199 325 3252 lere.

186 3324 286 3330 .-——--
525 3325 535 3328 -
900 3325 997 3332 —-—

260 3391 269 3424 1
286 3387 333 3438 Hic
351 3388 412 3437 dicit
423 3386 582 3437 Walairidus
600 3387 651 3438 lere
669 3387 737 3438 idem
756 3401 785 3436 ac
803 3386 921 3437 irenaeus
938 3386 997 3437 adv.
1010 3387 1085 3440 Haer.
1098 3387 1135 3451 lll,
1149 3389 1172 3439 3.
1186 3391 1209 3440 2.
1221 3417 1255 3424 -

187 3471 268 3522 alam
293 3487 360 3523 euno
384 3473 433 3525 680
460 3471 546 3521 scribit
569 3486 636 3535 papa
658 3471 762 3534 Agatho
784 3472 810 3520 in
835 3470 944 3536 epistula
968 3487 1015 3522 sua
1036 3473 1068 3523 ad
1092 3474 1255 3537 imperatores

184 3557 245 3606 dale
262 3556 293 3607 de
311 3557 419 3608 ecclesia
437 3570 553 3606 romana:
577 3555 665 3614 „cuius
683 3554 869 3623 (redemptoris)
886 3557 1016 3608 annitente
1034 3557 1168 3621 praesidio,
1192 3557 1255 3608 haec

185 3641 325 3706 apostolica
342 3643 397 3692 eius
409 3641 516 3692 ecclesia
533 3655 692 3705 nunquama
710 3642 752 3690 via
769 3643 883 3692 veritatis
901 3643 928 3691 in
946 3641 1059 3707 qualibet
1075 3643 1166 3692 erroris
1185 3647 1254 3705 parte

186 3725 287 3777 deflexa
299 3732 364 3787 est“;
383 3725 469 3777 etalio
486 3725 554 3777 loco:
574 3740 654 3789 „quae
672 3741 717 3789 per
735 3726 781 3777 Dei
798 3727 978 3791 omnipotentis
997 3727 1104 3789 gratiam
1124 3741 1138 3776 e
1155 3728 1254 3776 tramite

184 3810 340 3876 apostolicae
357 3811 498 3862 traditionis
520 3825 651 3875 nunqnam
674 3826 772 3862 errasse
795 3812 942 3876 probabitur
964 3826 1010 3861 nec
1030 3809 1162 3861 haereticis
1180 3813 1253 3862 novi·

184 3896 280 3948 tatibus
298 3897 435 3962 depravata
453 3895 594 3956 succubuit,
616 3895 661 3945 sed
679 3899 707 3945 ut
724 3896 755 3946 ab
774 3897 878 3947 exordio
897 3897 956 3947 fidei
974 3895 1126 3946 christianae
1144 3897 1255 3962 percepit
