2896 4828
656 368 795 417 -XII
840 394 878 402 -

234 536 265 590 et
287 531 399 590 beatus
420 532 514 592 Hatto
537 531 599 590 iam
623 530 801 590 doctissime
824 529 999 604 digesserat
1020 531 1176 604 „urbanae
1200 533 1310 592 lacun-

233 633 303 692 diae
327 632 480 693 mellifluis
503 632 635 692 floribus
658 632 814 690 adornans
840 631 992 705 prosaicis
1015 631 1178 691 verbis.“1
1268 693 1270 696 ,

296 735 393 794 Paulo
417 743 487 811 post
509 735 698 795 Walairidus
727 749 746 792 a
776 732 988 807 superioribus
1020 735 1086 794 suis
1109 735 1138 793 in
1162 735 1308 796 fuldense

232 835 456 897 monasterium
487 844 536 896 est
566 837 681 897 missus
711 851 749 894 eo
782 841 864 893 certe
894 835 1031 904 consilio,
1062 842 1095 893 ut
1123 852 1192 895 curn
1222 839 1308 898 omni

231 936 404 999 litterarum
420 955 535 1014 genere
553 940 664 999 melius
681 939 848 998 instructus
864 936 1018 1008 rediisset,
1037 937 1105 1011 ipse
1122 939 1307 1012 augiensem

231 1042 450 1102 moderaretur
472 1041 623 1103 scholam.
669 1041 786 1100 Fuldae
815 1041 1019 1106 interannos
1047 1039 1166 1098 circiter
1189 1040 1251 1100 826
1275 1049 1308 1101 et

231 1145 293 1204 830
317 1146 436 1220 degens
459 1145 581 1206 Rabani
603 1142 712 1216 Mauri,
743 1140 878 1200 doctoris
905 1140 1113 1222 celeberrimi,
1138 1141 1307 1218 disciplina

230 1246 376 1306 utebatur
391 1247 422 1304 in
448 1246 664 1320 perdiscendis
688 1245 855 1320 praecipue
877 1241 986 1301 litteris
1002 1242 1110 1312 sacris
1134 1244 1219 1318 quod
1237 1245 1306 1318 ipse

231 1355 339 1423 aperte
370 1353 502 1408 testatur
532 1349 564 1405 in*
585 1349 720 1422 epitome
748 1344 867 1404 Rabani
895 1343 924 1403 in
949 1343 1118 1404 Leviticum
1147 1352 1306 1406 commen-

229 1450 393 1520 tariorum,
425 1449 479 1508 ubi
502 1449 590 1508 dicit:
623 1445 808 1523 „Sequentis
831 1447 915 1516 libri,
945 1447 976 1504 id
1003 1451 1051 1505 est
1074 1446 1202 1506 Levitici
1232 1449 1304 1508 bre-

230 1550 394 1610 vissimam
432 1551 662 1616 adnotationem
694 1565 751 1624 ego
784 1547 915 1607 Strabus
948 1546 1122 1605 tradente
1154 1549 1303 1609 domino

230 1652 386 1712 Rabano
410 1652 562 1722 abbate,
586 1653 652 1710 viro
677 1651 706 1709 in
730 1651 834 1709 multis
854 1650 1006 1708 'scientiae
1029 1649 1152 1708 divinae
1170 1653 1304 1726 eloquiis

231 1755 443 1829 spectabiliter
466 1754 624 1824 adornato,
649 1759 799 1829 quantum
819 1752 954 1810 tenuitas
976 1750 1123 1824 ingenioli
1147 1754 1208 1811 mei
1231 1771 1303 1828 per·

231 1855 381 1928 mittebat,
408 1855 592 1915 abbreviare
616 1855 773 1916 curavi.“2
817 1855 902 1912 ldem
926 1853 1071 1925 colligere
1100 1853 1171 1912 licet
1193 1869 1233 1912 ex
1256 1856 1302 1913 in-

230 1958 398 2033 scriptione
422 1959 585 2019 cuiusdam
610 1956 754 2017 carminis
776 1955 833 2029 „ad
850 1955 1010 2014 Rabanum
1027 1955 1181 2026 Maurum,
1204 1957 1303 2018 abba-

227 2067 289 2120 tem
305 2061 502 2133 Fuldensem
525 2061 750 2136 magistrum
775 2059 903 2116 suum“
926 2057 1013 2116 dati.3
1048 2057 1088 2117 Ut
1112 2067 1228 2119 certum
1246 2068 1302 2133 est,

228 2165 434 2224 Walairidum
460 2163 650 2237 aliquantum
667 2161 817 2238 temporis
840 2160 957 2219 Fuldae
974 2167 1195 2220 commoratum
1221 2179 1302 2234 esse,

229 2265 271 2323 ita
299 2265 418 2325 incerta
445 2271 573 2324 manent
594 2265 698 2324 omnia
726 2263 764 2321 de
794 2262 863 2337 ipsa
886 2262 1143 2337 commoratione3
1173 2271 1303 2325 atvero

175 2379 176 2383 ’
230 2383 289 2425 non
316 2368 507 2440 ignoramus
526 2354 602 2425 ⁴eum
627 2363 876 2424 commendatum
902 2363 1034 2423 sortasse
1058 2369 1088 2422 et
1111 2381 1130 2424 a
1152 2365 1302 2439 magistro

229 2484 287 2528 suo
311 2467 440 2529 Rabano
464 2475 494 2525 et
517 2468 556 2526 ab
573 2467 718 2526 Hilduino
736 2464 1015 2538 archicapellanot,
1039 2466 1172 2526 indeed
1196 2469 1302 2525 aulam

229 2569 421 2643 imperialem
456 2584 529 2627 esse
563 2569 761 2637 arcessitum,
797 2573 829 2625 ut
862 2573 946 2626 artes
979 2567 1124 2627 liberales
1154 2567 1303 2627 edoceret

230 2669 389 2740 Carnium,
420 2669 516 2731 tilium
548 2671 742 2747 imperatoris
765 2669 912 2730 Ludovici
936 2669 980 2728 Pii
1003 2669 1134 2745 eiusque
1157 2670 1303 2744 coniugis

228 2770 378 2839 ludithae,
402 2789 485 2833 anno
510 2773 570 2834 823
594 2780 710 2835 natum.
753 2773 798 2832 lbi
827 2773 960 2845 benigne
983 2779 1135 2848 exceptus
1157 2776 1189 2828 et
1211 2771 1304 2832 sarni-

228 2874 394 2934 liarissime
418 2875 542 2937 habitus
567 2879 696 2951 gratiam
721 2877 931 2950 favoremque,
955 2890 1017 2948 quo
1034 2875 1203 2948 imperator
1219 2873 1304 2934 eius·

229 2994 289 3053 que
319 2993 398 3036 uxor
425 2993 493 3037 eum
527 2978 661 3054 amplexi
693 2981 796 3048 sunt⁵‚
826 2977 897 3036 ideo
927 2977 1056 3049 dignum
1086 2991 1120 3034 se
1150 2975 1302 3049 praebuit,

300 3143 445 3195 ¹Prooem.
472 3146 592 3202 carminis
617 3144 750 3206 „Visionis
768 3143 861 3193 Wertf‘
897 3141 930 3192 M.
949 3141 977 3192 G.
1000 3157 1023 3206 p.
1043 3142 1103 3200 302;
1133 3138 1222 3204 Migne
1246 3139 1263 3191 l.
1282 3154 1303 3190 c.

227 3244 252 3293 p.
273 3229 346 3280 1063.
366 3257 397 3266 -
418 3226 545 3292 2Migne,
571 3228 590 3280 l.
608 3243 629 3279 c.
653 3243 678 3292 p.
698 3229 755 3279 795.
796 3225 847 3278 Cir.
876 3227 952 3277 etiam
979 3227 1077 3286 Aretin,
1106 3225 1224 3288 Bcitrtige
1248 3223 1302 3274 Vll.

227 3329 252 3378 p.
271 3314 329 3364 518.
348 3341 381 3349 -
400 3317 411 3350 ³
429 3311 524 3377 Migne,
543 3313 560 3365 l.
573 3327 594 3364 c.
612 3328 637 3376 p.
652 3315 726 3364 1112.
744 3341 778 3350 -
796 3317 807 3350 ⁴
825 3309 921 3376 Migne,
940 3310 957 3362 l.
971 3326 992 3361 c.
1010 3325 1036 3373 p.
1049 3309 1121 3360 1098.
1140 3306 1302 3357 Walalridus

228 3398 282 3461 ipse
300 3396 362 3447 dicit
378 3398 405 3447 in
424 3399 536 3448 carmine
554 3397 586 3446 ad
605 3396 688 3447 Iudith
708 3398 907 3462 imperatricem:
928 3411 996 3460 „quo
1008 3394 1093 3442 nescio
1111 3407 1179 3454 casu,
1196 3392 1302 3442 servitio

227 3480 353 3533 attrahere
371 3487 484 3541 vestro“;
503 3489 527 3533 ei
544 3485 571 3533 in
589 3482 641 3532 alio
659 3481 692 3532 ad
710 3480 869 3532 Hiltuinum:

433 3566 492 3628 „Nil
508 3568 614 3628 servivi,
632 3565 670 3616 nil
687 3566 778 3626 merui,
796 3570 881 3616 tamen
899 3579 957 3615 ecce
975 3564 1079 3622 repente

431 3651 562 3702 Immerito
580 3655 728 3715 assumptus
745 3665 852 3715 pauper,
869 3648 968 3699 honore
984 3643 1079 3692 fruor«

227 3739 323 3802 Migne,
341 3736 359 3788 l.
377 3751 398 3788 c.
416 3751 441 3802 p.
462 3738 526 3788 1095
545 3739 570 3786 et
589 3736 662 3789 1098.
681 3764 714 3772 —
734 3737 745 3771 ⁶
764 3733 813 3786 Cir.
832 3734 947 3784 earmina
970 3724 1046 3775 varia
1063 3723 1095 3771 ad
1116 3725 1301 3788 imperatricem

227 3823 334 3888 eiusque
352 3821 435 3872 filium
453 3819 574 3872 Carolum
593 3824 617 3870 ct
635 3819 699 3869 alios
717 3819 783 3870 data.
819 3819 916 3882 Migne,
933 3814 951 3864 l.
964 3825 987 3861 c·
1006 3808 1118 3869 1)·1093,
1136 3810 1207 3868 1095,
1226 3807 1301 3865 ¹09⁶,

229 3909 293 3958 1001
312 3922 334 3958 e.
353 3922 376 3958 a.
