2956 4766
661 324 873 383 ,55-

234 493 475 554 mediolanensis
490 495 667 570 episcopua,
691 503 753 554 tam
777 495 892 554 missae
916 509 1010 568 quarn
1031 500 1223 553 caeterorum
1240 492 1303 553 dis-

235 596 420 671 positionem
445 582 614 655 olliciorum
638 611 715 656 suae
739 597 891 656 ecclesiae
915 600 946 654 et
972 594 1038 653 aliis
1061 589 1229 669 Liguribus
1253 609 1304 652 ora

236 696 364 769 dinavit,
399 712 480 771 quac
516 702 546 755 et
579 712 680 772 usque
714 697 809 757 hodie
841 697 870 755 in
906 696 1134 756 mediolanensi
1163 698 1304 753 tenetura

236 799 375 857 ecclesia.
419 799 515 873 Igitur
549 798 687 858 ordinem
722 799 838 859 missae
870 791 1094 871 romanae'ut
1123 811 1303 872 possumus

236 916 434 975 exequamur.
484 901 675 976 Antiphontis
707 901 750 959 ad
778 902 942 960 introitum
973 900 1075 960 dicere
1106 897 1303 959 Caelestinus

234 1017 318 1078 papa
340 1001 439 1060 XLV1
461 1002 601 1074 instituit,
629 1002 709 1062 sicut
730 1003 844 1076 legitur
866 1003 894 1061 in
925 1003 1023 1076 gestis
1051 998 1229 1078 pontificum
1251 1015 1303 1059 ro-

235 1119 408 1177 manorum,
444 1119 514 1162 curn
543 1105 581 1162 ad
613 1104 680 1164 eius
710 1120 812 1179 usquc
841 1109 982 1181 tempora
1010 1085 1082 1162 ante
1116 1101 1305 1161 sacrificium

225 1188 326 1264 ’16666
349 1222 412 1264 una
436 1205 569 1281 apostoli
590 1211 711 1266 tantum
727 1211 758 1264 et
780 1206 975 1280 evangelium
999 1204 1181 1278 legeretur.2
1224 1202 1305 1262 Loe-

236 1309 340 1366 1666666
357 1312 461 1367 autem
478 1323 560 1381 quae
573 1313 757 1382 sequuntur,
773 1308 802 1365 id
819 1313 868 1367 est
882 1307 965 1366 Kirie
981 1306 1098 1366 eleison
1116 1302 1165 1362 et'>
1181 1303 1305 1364 Christe

236 1408 363 1480 cleison,
387 1409 608 1469 aGraeeorum
624 1425 686 1468 usu
702 1416 844 1483 sumptae
861 1409 1036 1482 creduntur,
1057 1409 1130 1484 quia
1146 1412 1177 1467 et
1191 1421 1306 1482 graeca

237 1514 312 1569 sunt
325 1509 425 1568 verba
447 1516 478 1568 et
493 1525 532 1569 ca
554 1509 611 1585 ipsi
631 1510 738 1570 Graeci
762 1511 890 1587 saepius
913 1512 942 1569 in
967 1512 1034 1570 suis
1057 1511 1170 1569 iterant
1188 1508 1305 1568 missis.

240 1611 366 1670 I'mnum
391 1617 491 1670 autem
515 1615 700 1691 onpeltccm,
730 1615 760 1672 in
784 1629 845 1689 quo
869 1613 977 1688 paucis
1000 1611 1114 1682 verbis,
1143 1619 1240 1686 quaec
1263 1610 1305 1670 ab

236 1712 356 1787 angelis
387 1713 469 1772 circa
498 1713 690 1775 nativitatem
722 1715 908 1775 dominicam
935 1713 965 1772 in
998 1709 1109 1772 lauded
1141 1712 1195 1772 Dei
1230 1717 1307 1770 sunt

234 1815 362 1889 prolata,
390 1820 558 1888 sequentes
587 1817 685 1875 sancti
713 1822 818 1892 patres
843 1817 880 1876 ad
904 1832 1101 1874 communem
1124 1819 1250 1874 sanctae
1273 1820 1307 1872 et

236 1915 413 1975 individuae
441 1916 585 1977 trinitatis
613 1919 823 1978 laudationem
852 1918 1050 1978 dulcissimas
1078 1923 1108 1976 et
1130 1929 1303 1990 congruen-

235 2018 376 2078 tissimas
401 2017 552 2078 dictiones
576 2019 770 2093 addiderunt,
798 2026 841 2093 ut,
872 2021 953 2079 sicut
977 2019 1044 2078 eius
1074 2018 1255 2094 principium
1286 2033 1307 2076 a

238 2119 427 2180 caelestibus
460 2125 508 2178 est
537 2121 712 2183 ordinatum
746 2123 903 2194 ministris
938 2122 980 2179 ita
1013 2121 1104 2179 etiam
1139 2125 1202 2179 tota
1235 2119 1305 2177 eius

237 2221 337 2280 series
365 2222 478 2281 divinis
508 2228 593 2281 essct
620 2225 710 2296 plena
740 2225 913 2300 mysteriis:
948 2224 1041 2294 illum,
1071 2223 1206 2298 inquam,
1227 2237 1305 2296 vym-

237 2340 309 2381 num
340 2329 412 2382 antc
440 2325 625 2385 sacrificium
656 2327 724 2397 diei,
747 2325 958 2400 Telesphorus
982 2324 1051 2384 lX.³
1095 2323 1303 2382 Romanorum

237 2427 361 2500 praesul
387 2427 575 2516 constituitt
607 2434 640 2486 ut
667 2428 706 2485 ad
733 2432 838 2485 tantae
866 2425 1041 2486 sanctitatis
1065 2424 1305 2486 celebrationem

305 2607 317 2633 ³
335 2607 368 2670 Μ,
387 2610 540 2670 continetur3
559 2608 622 2672 mlh,
639 2613 763 2659 tenentur.
783 2639 814 2647 —
834 2596 848 2636 b
868 2609 912 2672 ml,
926 2626 976 2660 orn.
989 2614 1020 2660 et.
1040 2639 1070 2646 -
1090 2608 1100 2635 ⁰
1119 2626 1156 2672 oe,
1169 2607 1306 2674 quaedam.

236 2718 270 2725 -
288 2676 302 2716 ‘¹
320 2707 357 2751 oe,
375 2691 486 2742 laudem.

236 2859 268 2909 ab
291 2860 436 2911 auctoribus
458 2863 511 2912 suis
533 2863 706 2928 apostolorum
730 2863 823 2914 Christi
845 2865 1011 2929 principibus,
1038 2864 1135 2915 illibata
1157 2864 1208 2914 fine
1229 2868 1306 2914 tenus

236 2949 390 3008 permanet.‘⁴
426 2945 543 2996 Mansit.
561 2946 600 3009 XI,
624 2963 648 3010 p.
668 2951 716 3001 239
737 2953 836 3002 61242.
872 2948 958 2999 Labbe
976 2954 993 3000 t.
1011 2949 1064 3011 VII,
1086 2964 1111 3013 p.
1130 2949 1179 2999 659
1203 2951 1228 2995 et
1245 2947 1305 2998 662.

308 3034 317 3067 ¹
336 3030 411 3081 Recte
428 3029 510 3087 XLIII.
528 3061 562 3069 -
583 3035 593 3069 ²
611 3033 664 3084 LIb.
684 3039 752 3098 pont.
771 3034 857 3084 relert:
891 3033 953 3094 „Hic
969 3032 1046 3100 (papa
1063 3030 1207 3098 422-432)
1225 3030 1307 3080 multa

237 3117 371 3164 constituta
388 3116 445 3165 lecit
461 3120 485 3164 el
503 3117 638 3180 constituit,
661 3124 688 3168 ut
706 3119 799 3182 psalmi
818 3117 899 3167 David
918 3115 957 3166 CL
975 3124 1032 3168 ante
1056 3115 1207 3167 sacrificium
1228 3113 1306 3177 psalli

237 3198 423 3263 antiphonatim
447 3216 478 3250 ex
496 3202 625 3263 omnibus,
649 3201 718 3266 quod
741 3205 798 3250 ante
822 3199 977 3262 nonhabet,
1002 3202 1052 3251 nisi
1075 3205 1173 3250 tanturn
1196 3198 1307 3262 epistula

236 3283 304 3333 beati
321 3283 395 3333 Pauli
412 3284 562 3336 recitabatur
580 3291 604 3336 el
622 3290 738 3336 sanctum
756 3284 946 3348 evangelium.“
982 3285 1064 3336 Duch.
1079 3285 1098 3347 1,
1110 3286 1167 3336 230.
1196 3283 1306 3332 Econtra

237 3366 298 3417 dicit
310 3367 510 3431 Theodamanus,
528 3369 607 3420 abbas
618 3371 765 3430 casinensis,
779 3369 805 3419 in
817 3370 926 3434 epistula
938 3370 971 3420 ad
983 3370 1104 3422 Carolum
1117 3368 1241 3432 Magnum
1253 3367 1306 3418 fine

236 3451 317 3502 seculi
335 3453 418 3502 octavi
435 3453 538 3517 scripta:
559 3460 721 3518 „cognoscah
740 3455 849 3505 necdum
869 3470 899 3504 6ο
916 3460 1030 3519 tempore
1047 3452 1112 3522 (scil.
1125 3455 1205 3504 sancti
1222 3452 1306 3503 Bene-

237 3534 306 3602 dicti)
322 3536 349 3585 in
362 3535 478 3586 Romana
494 3537 608 3600 ecclesia,
627 3540 691 3588 sicut
702 3554 771 3589 nunc
787 3539 915 3602 leguntur,
933 3555 1018 3590 sacras
1030 3539 1165 3603 scripturas
1183 3537 1234 3600 legi
1247 3550 1305 3587 mos

237 3621 327 3681 luisse;
349 3620 395 3670 sed
417 3627 474 3686 post
497 3622 583 3688 aliquo
600 3629 714 3687 tempore
733 3623 781 3674 hoc
797 3624 942 3673 Institutum
961 3639 1023 3686 esse,
1043 3625 1096 3674 sive
1114 3639 1129 3673 a
1145 3623 1217 3674 beato
1237 3636 1307 3686 papa

237 3703 359 3768 Gregorio
377 3707 440 3766 sive,
462 3713 489 3757 ut
507 3707 538 3758 ab
557 3707 614 3756 aliis
631 3708 786 3769 adfirmatur,
805 3707 836 3758 ab
855 3707 991 3760 Honorio.“
1027 3707 1099 3770 16116,
1118 3705 1238 3757 Biblioth.
1256 3721 1305 3757 rer.

237 3804 318 3852 germ.
336 3788 361 3837 V
379 3806 494 3841 monum.
513 3789 595 3841 Carol.
613 3807 638 3855 p.
657 3794 714 3844 366.
733 3821 766 3829 -
785 3795 796 3830 ³
814 3797 879 3844 recte
903 3798 1016 3856 octavus,
1038 3808 1105 3858 papa
1122 3808 1142 3843 c.
1163 3793 1305 3842 125-136.

238 3901 270 3911 -
290 3877 300 3909 ⁴
320 3868 382 3934 „Hic
400 3875 533 3936 constituit,
552 3879 603 3924 ut.
622 3913 627 3926 .
647 3914 653 3926 .
671 3912 677 3926 .
696 3882 755 3928 ante
772 3878 924 3928 sacrificium
942 3877 1058 3944 hymnus
1081 3878 1205 3928 diceretur
1222 3883 1304 3938 ange-
