2896 4828
647 417 859 476 „42-

224 588 419 649 becillitatem
454 587 617 664 ipsamque
655 593 784 646 mortem
823 599 1082 663 praesumptores
1121 588 1286 658 incurrant,

224 698 255 750 et
275 693 309 747 ut
332 705 350 748 a
373 690 588 749 communione
609 687 754 762 suspensi
777 693 895 748 terrore
915 691 1072 750 eiusdema
1095 689 1286 748 exclusionis

223 797 254 851 et
276 791 412 868 quodam
440 791 705 852 condemnationis
734 789 932 852 anathemate
957 793 1195 868 compellantur,
1220 800 1286 853 stu·

222 893 341 953 diosius
373 893 580 968 poenitentiae
618 893 877 951 medicamentum
916 901 1062 969 appetere
1096 899 1127 954 et
1164 894 1286 954 aridius

223 994 455 1070 recuperandae
479 995 588 1054 salutis
611 993 774 1053 desideriis
797 992 926 1054 inhiare.

654 1199 856 1206 ———-—-

712 1336 799 1404 XIX.

456 1486 551 1570 Quid
575 1485 784 1576 offerendum
809 1489 913 1555 sitin
941 1489 1053 1556 alteri.

287 1671 436 1746 Quamvis
452 1678 553 1731 autem
571 1673 740 1731 eorundem
757 1670 1044 1732 sacramentorumb
1065 1688 1143 1733 usus
1164 1674 1287 1747 abipso

224 1775 351 1833 Domino
384 1775 516 1834 traditus
555 1780 586 1833 et
620 1773 659 1833 ab
694 1775 844 1850 apostolis
874 1774 1116 1850 apostolicisque
1149 1776 1223 1836 viris
1257 1777 1290 1834 in'

224 1883 316 1935 totam
334 1878 486 1937 ecclesiae
503 1875 673 1935 catholicae
689 1876 882 1956 latitudinem
899 1876 940 1935 sit
953 1877 1165 1950 transmissuS,
1183 1884 1285 1936 tamen

226 1978 333 2054 primis
344 1980 536 2052 temporibus
549 1979 701 2055 quosdam
718 1978 777 2036 alia
793 1978 948 2054 quaedam
965 1993 1083 2053 genera
1097 1978 1286 2039 oblationum

226 2079 336 2139 offerre
359 2082 466 2140 solitos
491 2080 698 2153 intellegimus
715 2096 754 2138 ex
771 2079 944 2139 canonibus
961 2086 991 2138 et
1007 2081 1143 2140 maxime
1158 2083 1287 2156 aposto·

223 2184 334 2257 lorum,
363 2179 395 2240 in
426 2199 558 2259 quorum
587 2182 678 2240 tertio
706 2181 840 2256 capitulo
869 2182 911 2239 ita
938 2183 1111 2243 scribiturt:
1142 2184 1195 2257 „Si
1222 2186 1290 2258 quis

225 2289 386 2360 episcopus
414 2294 469 2344 out
496 2287 660 2360 presbyter
676 2290 809 2359 praeter
832 2286 1057 2344 ordinationem
1081 2287 1202 2346 Domini
1224 2288 1289 2344 aliu

224 2388 377 2459 quaedam
400 2390 431 2446 in
453 2389 610 2459 sacrificio
633 2387 747 2457 offerat
767 2402 862 2460 super
884 2387 998 2460 nitore,
1028 2389 1062 2446 id
1083 2393 1203 2447 estant
1230 2387 1289 2444 mei

223 2493 278 2545 ant
300 2489 351 2545 lac
382 2493 436 2545 ent
459 2504 522 2562 pro
553 2491 622 2547 uino
650 2489 784 2547 siceram
813 2493 869 2545 not
891 2491 1035 2562 confecta
1058 2490 1210 2564 quaedam
1235 2497 1291 2546 eut

224 2589 364 2646 volatilia
398 2595 454 2647 aut
475 2590 627 2648 animalia
650 2590 758 2662 aliqua
788 2596 853 2648 attt-
871 2591 1041 2663 teqnmme,
1073 2599 1185 2650 contra
1214 2608 1288 2651 con·

222 2691 407 2747 stitutionem
430 2691 552 2749 Domini
568 2693 712 2764 sociem,
738 2707 876 2762 eonprtto
901 2696 1050 2765 tempore,
1075 2693 1290 2766 deponntnr“;

290 2837 358 2895 ⁸oe,
377 2840 440 2889 eius.
458 2867 493 2876 -
512 2827 524 2862 θ
544 2855 578 2900 m,
597 2843 792 2888 sacramentum.

224 2927 285 2932 ...-
525 2928 554 2932 -
1037 2930 1290 2938 —--—-—-..

292 2961 302 2995 ¹
320 2956 462 3023 Sequentes
476 2958 526 3008 duo
540 2972 659 3021 canones,
683 2960 727 3022 qui
739 2959 914 3022 apostolorum
928 2959 1053 3022 dicuntur,
1066 2961 1108 3010 hic
1120 2977 1135 3010 a
1147 2961 1289 3011 Walalrido

221 3041 374 3094 exhibentur
395 3042 538 3094 secundum
562 3044 737 3093 recensionem
760 3042 959 3109 Dionysianam‚
982 3059 1048 3109 quac
1070 3044 1214 3111 aliqualiter
1236 3045 1289 3095 dis-

221 3131 306 3192 crepat
323 3143 338 3177 a
355 3131 424 3178 textu
444 3143 536 3192 graeco
555 3129 677 3190 genuino.
715 3127 776 3179 Can.
796 3127 833 3178 lll.
859 3122 893 3178 Εἴ
911 3143 950 3182 τις
973 3126 1118 3185 ἐπίσκοπος
1142 3125 1290 3199 ἣπρεσβί-

222 3226 300 3278 τερος
323 3212 396 3279 παρὰ
419 3214 468 3282 τὴν
492 3214 540 3263 τοῦ
563 3209 656 3280 κυρίου
683 3209 809 3268 διάταξιν,
830 3209 879 3279 τὴν
903 3209 946 3260 ἐπὶ
964 3215 998 3280 τῇ
1022 3211 1101 3282 θυσίᾳ
1125 3213 1289 3283 προςευίγκῃ

222 3291 302 3363 ἕτερά
325 3312 385 3346 τινα
409 3292 453 3345 ἐπί
477 3295 508 3346 τὸ
528 3294 731 3363 θυσιαστήριον,
750 3293 767 3364 ἢ
788 3294 850 3362 plin
867 3293 885 3364 ἢ
904 3295 1007 3366 pulici]
1031 3296 1088 3348 ἀντὶ
1107 3295 1178 3350 οίνου
1197 3295 1290 3366 σίκερα

222 3376 455 3448 ἣὲπιτηδευτάἢ
482 3377 603 3448 ὄρυειςῆ
630 3377 686 3437 ζῶσί
709 3395 768 3429 τινα
791 3377 808 3446 ἢ
833 3377 941 3449 ὄσπρια,
961 3383 998 3437 ὡς
1015 3382 1086 3451 παρὰ
1105 3385 1152 3452 τὴν
1172 3379 1290 3440 διάταξιν

225 3461 317 3532 κυρίου
336 3469 426 3526 ποιῶν,
446 3462 639 3533 καθαιρείσθω,
658 3463 727 3532 πλὴν
746 3462 812 3514 νέων
832 3462 931 3535 χίδρωυ
950 3463 967 3534 ἢ
991 3463 1136 3532 σταφυλῆς,
1155 3470 1194 3534 τῷ
1209 3471 1293 3535 καιρῷ

226 3547 377 3614 τῷδίουτι,
414 3543 462 3617 Μὴ
482 3546 541 3607 ἐξὸν
561 3546 589 3600 δὲ
624 3564 677 3598 στω
697 3547 879 3617 προςάγεσθαί
892 3566 917 3599 τι
935 3548 1027 3619 ἕτερον
1047 3548 1085 3606 είς
1101 3553 1132 3601 τὸ
1146 3548 1289 3619 θυσιαστή-

226 3649 288 3700 ριον,
306 3631 323 3702 ἢ
343 3631 432 3685 ἔλαιον
451 3631 489 3689 είς
508 3634 557 3700 τὴν
577 3630 687 3703 λυχνίαν
706 3631 751 3682 καὶ
769 3630 890 3699 θυμίαμα
908 3639 947 3701 τῷ
961 3639 1046 3703 καιρῷ
1061 3639 1108 3702 τῆς
1122 3632 1198 3703 ἁγίας
1211 3651 1289 3704 προς-

224 3721 318 3786 φορᾶς.
357 3717 393 3768 De
418 3719 580 3784 antiquitate,
605 3719 703 3782 origine
734 3723 758 3769 et
780 3721 939 3782 argumentis
968 3719 1061 3769 horum
1089 3735 1214 3771 canonum
1244 3721 1288 3770 cir.

223 3800 304 3869 Drap,
323 3801 393 3854 Neue
411 3801 643 3866 Untersuchnngen
668 3803 731 3852 iiber
754 3802 795 3853 die
813 3801 1015 3854 Constitutionen
1037 3803 1092 3852 und
1109 3803 1227 3854 Kanones
1245 3804 1290 3854 der

221 3886 337 3950 Apostel.
355 3888 493 3952 Titbingen
512 3889 584 3951 1832,
603 3903 627 3952 p.
646 3890 695 3940 203
706 3901 760 3953 sqq.
795 3887 897 3954 Hefela
917 3887 1195 3952 Conciliengescbichte
1213 3889 1230 3941 1.
1243 3888 1290 3940 Bd.

224 3972 247 4021 2.
266 3969 335 4023 null.
361 3971 487 4037 Freiburg
507 3974 581 4034 1873,
598 3989 623 4038 p.
643 3974 691 4025 793
702 3987 758 4038 sqq.
