2956 4766
585 347 816 410 -105-

158 519 238 580 fidei
272 520 419 581 radicitus
454 520 537 580 cordi
572 519 723 580 defixerit.
772 520 953 594 Tanguntur
989 528 1021 578 et
1058 535 1166 590 nares,
1203 525 1238 582 ut

160 623 317 700 quamdiu
339 621 479 699 spiritum
504 623 633 682 naribus
656 623 768 693 trahat,
792 623 822 681 in
846 621 908 682 lide
927 628 1058 698 accepta
1082 622 1237 697 perduret.

163 725 281 785 Pectus
295 739 418 800 quoque
434 723 609 800 eodemque
632 724 834 799 perunguitur
857 726 937 799 oleo,
960 731 995 784 ut
1017 724 1107 798 signo
1130 729 1238 785 sancte

133 822 138 834 '
162 827 267 888 crucis
291 827 414 886 diabolo
434 827 601 886 claudatur
624 827 796 900 ingressus.
843 826 1012 901 signantur
1027 833 1059 888 et
1080 829 1238 903 scapulae,

163 927 200 988 u't
221 929 365 1006 undique,
381 929 550 1003 nruniatur3
573 929 646 988 item
670 928 701 987 in
725 929 860 1004 pectoris
885 935 916 988 et
938 929 1068 1005 scapula
1091 930 1238 992 unctione

163 1031 308 1105 signatur
336 1030 409 1092 fidei
432 1030 562 1092 firmitas
586 1036 617 1090 et
638 1046 766 1106 operum
790 1031 854 1106 (iol.
876 1031 930 1105 84)
952 1031 1106 1115 bonorum
1130 1048 1240 1107 perse-

161 1133 315 1192 verantia.
360 1133 398 1192 Et
421 1133 467 1192 sic
489 1135 519 1192 in
549 1133 672 1193 nomine
702 1141 830 1193 sanctae
852 1133 998 1192 trinitatis
1024 1133 1122 1193 trina
1150 1135 1238 1194 sub·

163 1237 350 1295 mersione
379 1235 567 1310 baptizatur;
600 1240 631 1295 at
660 1242 745 1295 recte
776 1233 885 1306 homo,
918 1235 970 1310 qui
1000 1236 1039 1294 ad
1071 1235 1238 1311 imaginem

163 1343 293 1396 sanctae
326 1336 472 1396 trinitatis
506 1343 630 1399 creatus
665 1342 726 1410 est,
762 1352 817 1413 per
848 1336 1076 1397 invocationem
1112 1343 1247 1399 sanctae

163 1437 309 1498 trinitatis
344 1439 384 1498 ad
422 1441 554 1500 eandem
593 1445 763 1500 renovatur
799 1438 965 1513 imaginem
1004 1444 1035 1498 et
1067 1439 1120 1513 qui
1149 1441 1238 1501 tertio

164 1543 265 1617 gradu
285 1543 423 1618 peccati,
457 1543 488 1603 id
517 1548 566 1602 est
596 1543 753 1613 suasione,
787 1541 994 1602 delectatione
1023 1546 1054 1601 et
1082 1556 1240 1603 consensu

166 1644 277 1704 cecidit
306 1643 337 1702 in
368 1650 511 1718 mortem,
549 1645 638 1705 tertio
666 1647 809 1704 elevatus
839 1643 878 1702 de
909 1645 992 1704 l'onte
1024 1660 1078 1719 per
1107 1647 1239 1719 gratiam

163 1752 310 1820 resurgat
325 1747 367 1807 ad
389 1747 493 1807 vitam.
534 1747 621 1807 Tunc
641 1747 721 1806 albis
745 1745 881 1806 induitur
895 1746 1092 1806 vestimentis
1116 1753 1240 1821 propter

165 1849 314 1922 gaudium
347 1849 594 1922 regenerationis
631 1851 672 1908 ad
710 1849 886 1907 castitatem
920 1848 1003 1906 vitae
1042 1855 1082 1907 et·
1110 1850 1240 1924 angelici

166 1943 343 2023 splendoris
360 1949 516 2010 docorem.
554 1950 642 2010 Tunc
665 1965 753 2010 sacro
777 1948 945 2008 chrismate
961 1958 1055 2025 caput
1071 1952 1239 2025 perungui·

165 2055 216 2108 tur
238 2056 269 2108 et
292 2050 423 2124 mystico
446 2050 561 2125 tegitur
583 2050 752 2120 velamine,
781 2055 815 2108 ut
835 2050 1011 2126 intellegat,
1036 2066 1071 2110 se
1095 2051 1240 2112 diadema

166 2153 253 2226 regni
291 2158 321 2211 et
357 2150 525 2212 sacerdotii
554 2153 737 2228 dignitatem
770 2156 895 2230 portare
929 2154 1016 2213 iuxta
1049 2153 1240 2228 apostolum:

167 2269 219 2313 oos
230 2255 301 2314 estas
314 2270 413 2328 oenus
428 2258 538 2328 regale
554 2260 585 2314 et
598 2255 807 2330 sacerdotale,
826 2253 994 2315 offerentes
1010 2262 1136 2315 vosmet
1151 2255 1239 2328 ipsos

168 2354 226 2415 deo
248 2355 322 2416 vivo
345 2357 478 2416 hostium
494 2364 634 2416 sonetum
658 2363 687 2415 et
710 2357 766 2417 deo
784 2359 990 2432 placentem.2
1034 2356 1087 2419 Sic
1110 2372 1240 2430 corpore

168 2465 198 2517 et
220 2457 374 2533 sanguine
397 2458 512 2517 domini
536 2457 747 2531 confirmatur,
775 2464 810 2519 ut
837 2457 918 2517 illius
947 2459 986 2520 sit
1010 2458 1118 2534 capitis
1142 2473 1239 2517 mem-

168 2559 268 2634 brum,
299 2561 351 2637 qui
382 2561 551 2638 pronubis
574 2577 691 2638 passus
714 2565 764 2620 est
787 2568 818 2619 et
839 2561 1016 2621 resurrexit.
1063 2560 1239 2620 Novissime

170 2677 223 2735 per
250 2662 478 2736 impositionem
511 2679 623 2724 manus
652 2681 671 2723 a
702 2679 824 2724 summo
858 2664 1021 2723 sacerdote
1051 2661 1239 2738 septiformis

170 2764 285 2836 gratiae
308 2763 448 2839 spiritum
473 2766 595 2841 accipit,
617 2773 652 2825 ut
674 2763 837 2826 roboretur
860 2765 1072 2842 perspiritum
1096 2768 1239 2824 sanctum

170 2864 209 2923 ad
232 2866 475 2939 praedicandum
494 2868 573 2942 aliis,
597 2868 649 2942 qui
673 2868 729 2926 luit
752 2868 904 2942 baptismo
929 2866 1136 2944 pergratiam
1157 2865 1238 2924 vitae

171 2965 302 3025 donatus
326 2972 482 3026 aeternae.

240 3200 358 3252 1lPelr.
378 3200 407 3262 ll,
426 3201 449 3252 9.
468 3230 501 3238 -
523 3203 638 3254 ²Roem.
657 3202 709 3266 xli,
730 3206 752 3255 l.
